2958 5038
1135 463 1205 579 113

112 643 305 716 Romanos
336 653 490 742 spectat,
536 643 607 716 hoc
646 665 763 718 antem
800 647 914 746 capite
935 647 1050 726 Ux'ffi
1078 654 1206 726 vocula

110 764 226 835 nobis
251 762 312 834 alii
332 764 554 862 oppositioni
579 764 835 864 'exprimendae
858 767 1012 842 inservit.

216 884 393 958 Varianae
425 883 536 957 eladis
559 881 747 982 ¹regionem
787 885 887 986 quod
917 892 1058 961 saltum
1090 890 1206 964 nomi·

110 1003 214 1075 navit
240 1002 404 1078 Velleius
438 1003 530 1076 nihil
556 1005 690 1077 melius
719 1004 807 1078 nihil
831 1006 943 1105 magis
975 1011 1122 1108 proprie
1148 1010 1202 1084 di-

110 1147 198 1194 cere
243 1124 368 1220 potuit.
450 1125 497 1198 Et
546 1125 658 1227 nihil!
684 1123 734 1199 est
777 1126 875 1223 quod
927 1128 983 1199 alii
1021 1128 1203 1203 intrudere

110 1242 313 1315 voluerunt
340 1247 511 1316 salutem„
1164 1254 1166 1258 '

198 1361 398 1442 Turbatam
407 1365 602 1439 verborum
613 1377 762 1436 tantum
775 1345 884 1437 nobis
892 1366 1110 1463 positionem
1122 1397 1200 1444 cor·
1292 1453 1294 1462 χ

108 1482 280 1557 reximus.
332 1483 407 1558 Sed
429 1503 537 1558 restat
558 1505 599 1556 ut
625 1483 669 1557 de
694 1484 809 1557 verbis
829 1488 888 1557 Ne
903 1502 1084 1582 occupato
1109 1493 1202 1561 duce

72 1661 90 1706 Α,
109 1620 196 1675 cett.
222 1630 383 1702 pugnam
411 1603 654 1704 ingrediamur
682 1632 764 1676 cum
796 1606 839 1678 iis
869 1606 931 1704 qui
951 1608 1080 1680 Vossio
1108 1607 1200 1686 duee

107 1724 238 1796 locum
268 1742 433 1798 nostrum
459 1723 561 1798 hunc
589 1725 629 1798 in
661 1706 811 1798 moduni
829 1724 1106 1825 eomplendum
1134 1727 1200 1800 du·

57 1888 61 1897 1
109 1863 215 1916 cunt:

222 1990 270 2036 ne
307 1976 489 2058 occupato
525 1967 619 2034 duce
632 1966 691 2034 'in
725 1963 960 2035 debellandis
989 1968 1199 2039 Pannoniis

178 2142 180 2156 ⁴
222 2087 386 2156 victores
415 2084 601 2154 Germani
625 2085 674 2152 iis
702 2109 742 2153 se
768 2085 1037 2180 coniungerent
1043 2089 1088 2176 ,·“

108 2202 376 2276 eonferendum
414 2190 512 2275 enim
547 2200 880 2289 SuetoniumTib.
909 2229 964 2297 17.
987 2245 1039 2260 ·-
1094 2202 1199 2291 Quae

101 2322 242 2396 deinde
271 2345 467 2425 sequantur
496 2324 544 2395 ita
580 2320 793 2420 corrigenda
817 2337 913 2394 esse:
968 2326 1050 2396 Sed
1079 2350 1197 2399 eausa

109 2457 153 2515 et
170 2471 342 2541 persona
366 2471 515 2519 moram
548 2446 674 2539 exigit.
734 2439 845 2515 Vides
871 2467 978 2538 quam
1006 2471 1133 2518 manca
1163 2464 1198 2519 et

108 2563 276 2665 adeoque
303 2563 528 2638 inutilissima
553 2563 623 2636 sint
652 2561 742 2636 haec
774 2561 859 2637 VV.
885 2561 967 2637 DD.
992 2565 1195 2638 tentamina.

106 2669 255 2758 Etenim
280 2712 326 2758 ne
352 2705 500 2787 apparet
522 2683 689 2790 quidem,
719 2684 905 2758 cuiusnam
925 2711 1030 2758 causa
1056 2706 1090 2758 et
1114 2712 1196 2785 per-

106 2831 198 2879 sona
219 2805 368 2881 dicatur.
392 2851 443 2862 -
696 2859 723 2910 ⁸.
1125 2799 1129 2806 ⁸

121 3009 126 3024 Ι
209 2923 434 3024 Comparatis
468 2952 601 2999 vocum
633 2927 809 3026 Fortuna
846 2946 881 2997 et
914 2953 940 2996 a
973 2952 1034 2996 me
1068 2927 1194 2999 lormis

108 3045 259 3146 colliges
293 3073 365 3146 qua
390 3045 529 3119 ratione
562 3071 651 3142 quae
682 3071 749 3117 nos
776 3043 992 3148 inseruimus
1017 3047 1124 3118 verba
1149 3047 1192 3120 li·
1293 3117 1296 3121 .

105 3163 221 3239 brar1⁰1
265 3165 404 3238 incuria
446 3164 724 3260 interciderint„
770 3165 904 3266 quippe
932 3165 1017 3263 'qui
1057 3191 1192 3239 -voeum
1280 3200 1282 3204 ¹

105 3283 344 3359 similitudine
376 3284 545 3385 deceptus
575 3287 713 3385 'putarit
747 3310 784 3357 se
810 3285 1020 3380 iamusque
1052 3282 1098 3356 ad
1134 3313 1192 3360 vv.

93 3434 134 3478 ‘a
150 3433 210 3478 me
239 3406 430 3481 scribendo
455 3407 689 3508 processisse,
724 3399 840 3505 'duum
863 3403 952 3506 nihil
977 3403 1097 3487 adhuc
1122 3405 1191 3481 nisi
1214 3421 1219 3429 “

104 3519 312 3602 Fortuna-t
334 3528 447 3602 literis
470 3528 721 3625 consignasset.
748 3609 750 3612 ,
791 3526 884 3600 voc.
909 3551 956 3596 ne
984 3545 1105 3600 ortum
1138 3546 1189 3600 est
1275 3545 1280 3551 '

103 3676 148 3724 ex
164 3650 281 3749 ,signo
301 3654 336 3721 lz
357 3669 400 3707 =
423 3649 523 3722 licet:
555 3643 626 3722 vid.
647 3647 717 3721 tab.

207 3769 429 3844 Sententiam
450 3788 591 3865 tuemur
615 3764 657 3836 iis
680 3789 771 3864 quos
793 3783 827 3834 et
848 3763 1036 3856 Krausius,
1061 3761 1127 3855 vir,
1148 3782 1190 3834 ut

101 3894 234 3966 iterum
263 3888 399 3982 dicam,
434 3883 719 3984 diligentissimus
750 3901 785 3960 et
810 3883 879 3956 hae
899 3899 957 3955 ‘ex
983 3910 1020 3954 re
1047 3882 1187 3981 probis-

102 4012 194 4085 sime
215 4007 421 4110 interpretis
446 4008 541 4082 vices
568 4025 785 4097 sustentans,
815 4001 1018 4076 dummodo
1047 4003 1187 4101 saepius

99 4158 169 4207 suo
195 4131 306 4231 ipsius
333 4130 480 4219 arbitrio
506 4155 592 4201 usus
624 4117 845 4225 pluranoia
870 4125 1118 4199 attulisset-
1142 4123 1203 4220 iisx

97 4254 250 4353 inquam
283 4250 374 4356 lpcis
410 4276 501 4350 quos
533 4248 710 4324 Krausius
744 4241 1186 4416 quoquegcomparandos
