2958 5038
1152 467 1199 539 97

113 671 212 731 vetat
238 657 472 753 vocabulum,
500 653 598 730 idem
622 675 745 757 postea
777 672 970 754 repeteret·
988 674 990 684 ’
1010 653 1086 728 Sed
1113 657 1214 758 scri-k

111 773 275 850 bendum
301 795 392 849 erat:
965 795 967 802 ’

166 947 170 955 -
218 909 384 983 „vetere
418 899 612 1000 consulunt
640 921 746 969 more
775 923 824 968 ac
847 899 1081 974 sanctitate
1109 895 1213 993 ges?

158 1033 166 1044 ‘
218 1017 373 1089 sisset.“

109 1134 247 1209 Votab.
273 1116 408 1208 scitote
433 1137 624 1210 confusum
641 1157 695 1209 est
720 1163 805 1211 cum
820 1163 854 1210 v.
879 1138 1095 1211 severitate.
1140 1138 1197 1211 De

108 1256 290 1330 sanctitate
328 1276 450 1327 autem
488 1255 652 1330 conferas
694 1257 754 1330 lib.
786 1257 823 1330 ll
868 1283 898 1330 c.
925 1281 981 1353 29.
1036 1257 1198 1332 'Deinde

82 1375 330 1451 ¹vocabulum·
351 1390 480 1448 vetere
505 1375 674 1476 equidem
698 1376 759 1452 hic
784 1403 851 1477 per
880 1375 1096 1478 hypallagen
1123 1381 1197 1481 epi·
1239 1446 1244 1452 .
1281 1425 1285 1436 .

109 1494 256 1593 tbett'tn,
292 1497 407 1599 qualis
438 1517 490 1570 est
529 1498 554 1572 l.
572 1497 628 1592 H,
655 1501 735 1572 116.
754 1503 796 1570 4..
821 1499 982 1596 positum
1020 1501 1195 1606 existimo,

108 1643 223 1718 eoque
248 1619 369 1696 miuus
388 1616 625 1711 mutandum,
651 1617 753 1719 quod
776 1613 837 1692 bic
859 1615 961 1718 ipsej
985 1637 1094 1720 quem
1117 1649 1196 1696 ver-

107 1765 246 1833 samus,
279 1739 374 1812 liber
395 1738 543 1813 Vinicio
557 1739 708 1812 ‚consuli
732 1737 937 1838 gratulandi
965 1767 1087 1814 caussa
1111 1743 1197 1815 mis·

106 1887 184 1948 sus,
211 1859 358 1932 minime
388 1858 588 1932 recentium
621 1859 813 1933 consulum
841 1860 1194 1963 quantulamcunque
1228 1923 1235 1936 .

107 1978 400 2054 detrectationem
435 1980 618 2054 continere
652 2000 800 2078 poterat.
831 2023 880 2038 -
936 1979 1034 2054 Talis
1073 2007 1195 2062 autem

106 2099 316 2174 detrectatio
331 2102 369 2173 in
387 2101 470 2173 loco
495 2100 609 2175 hocce
629 2099 777 2187 inesset,
805 2101 836 2172 si
858 2114 1030 2177 veterum
1050 2125 1194 2183 tantum

107 2209 299 2298 consulum
322 2221 546 2298 sevetitatem
570 2219 750 2296 laudasset
772 2221 947 2296 Velleius.

204 2361 317 2440 Nunc
353 2384 474 2438 autem
508 2363 735 2442 seueritatem
770 2360 866 2463 inde
890 2362 1084 2465 antiquitus
1108 2368 1194 2444 insi-
1312 2431 1316 2442 ,

105 2505 176 2560 tam
204 2485 412 2560 consulibus
433 2483 568 2559 Vinicii
596 2482 782 2558 ambitioni
813 2481 1002 2560 blandiens
1032 2513 1191 2566 comme·

105 2629 221 2682 morat
253 2608 417 2708 scriptor.

420 2998 674 3090 CAPUT
701 2996 868 3087 nxz

308 3171 311 3178 ·
372 3223 376 3232 ⁴
395 3159 585 3230 vut115st.
603 3157 629 3213 ⁵.
647 3157 730 3233 ete.
749 3161 791 3216 «t.
809 3159 895 3216 ortu.
997 3225 999 3242 .

184 3311 304 3388 „Prole
330 3313 378 3372 dii
401 3283 593 3374 inmortales
609 3313 694 3395 quod
713 3311 803 3391 liuius
822 3312 993 3374 comitati}
1015 3329 1093 3392 erqo
1112 3309 1189 3374 Bm·

100 3428 164 3479 tum
186 3437 264 3479 eatae
286 3426 359 3498 poet
383 3437 453 3478 eain
472 3419 522 3478 cir
548 3428 613 3478 tem
638 3419 723 3478 nutis
742 3417 878 3496 pretinm
903 3415 1028 3509 tttIit!“
1068 3423 1119 3476 Ed.
1147 3441 1188 3492 pr.

98 3530 196 3597 1³·35.

585 3641 703 3662 a
788 3656 792 3663 1

82 3743 497 3874 2Oretli1u‚,Rureus‚
522 3781 659 3880 inquit,
687 3780 885 3873 nescimus,
910 3800 1032 3854 utrum
1055 3782 1186 3856 Ames-

95 3900 247 3975 bacbius
266 3927 352 3974 casu
377 3900 535 3974 omiserit
558 3927 671 3997 suae,
696 3930 743 3975 an
760 3901 960 3976 Rhenanus
983 3901 1182 3974 inculcarit.

95 4023 192 4096 Sane
227 4013 344 4122 neque
373 4021 614 4096 necessarium
649 4043 701 4095 est
728 4041 763 4094 et
782 4023 874 4095 -loco
902 4021 1021 4094 miuus
1053 4047 1184 4120 oppor—
1221 4115 1225 4126 γ’

95 4155 187 4216 tuno
212 4142 410 4242 positum.“
466 4143 582 4244 Atqui
608 4163 754 4243 propter
778 4140 819 4216 id
843 4142 983 4241 ipsum,
1012 4142 1185 4241 quoniam

94 4264 257 4368 ineptius
285 4263 348 4338 hic
376 4263 535 4366 positum
569 4285 643 4358 est,
677 4291 697 4336 a
728 4261 909 4338 Rhenano
938 4289 1012 4336 uon
1046 4262 1186 4362 videtur

829 4382 850 4442 7
941 4385 944 4400 ,
