2968 5046
282 491 305 555 2
355 551 357 558 ,

287 669 476 743 Velleiano
502 672 622 743 solum
645 667 817 769 quodque
846 667 899 739 illi
925 670 1108 742 antecessit
1129 668 1283 764 seculo,
1310 655 1379 742 ‘sed

289 790 408 863 multis
437 789 543 862 etiam
570 783 698 863 seculis
726 810 807 862 ante
829 791 1044 863 floruerunt.
1106 787 1255 863 Laudat
1282 790 1381 864 enim

287 909 531 1012 Aeschylum,
567 905 807 1010 Sophoclem,
838 907 1070 1007 Euripidem,
1111 929 1412 982 commemorat.

290 1031 498 1123 Caecilium,
521 1027 745 1124 Terentium,
766 1027 970 1124 Afranium,
990 1030 1132 1102 dnobus
1151 1029 1234 1136 fere
1249 1027 1382 1114 seculis
1431 1061 1436 1080 ·

280 1152 480 1260 ⁴semetipso
510 1149 674 1224 maiores.
796 1233 802 1243 ι
990 1243 997 1260 ·

367 1270 576 1343 Rectissime
607 1269 717 1368 igitur
753 1295 772 1340 a
805 1263 1023 1342 Ruhnkenio
1060 1265 1220 1340 discessit
1257 1265 1403 1372 Kraus

289 1393 361 1465 sius
376 1392 424 1466 V.
435 1391 503 1482 D.,
531 1389 571 1464 iu‘
599 1415 641 1463 eo
659 1409 783 1463 samen
806 1383 1217 1487 uitupemndus,2quod
1243 1406 1281 1459 et
1305 1384 1384 1484 ipse

240 1505 244 1515 ’
291 1537 380 1613 quae
405 1511 602 1603 invenerit,
636 1510 796 1610 quamvis
820 1506 1092 1592 Ruhnkeniauis
1121 1505 1181 1580 vix
1210 1495 1384 1598 meliora,

289 1631 327 1705 in
353 1650 489 1704 textum
514 1629 772 1728 reciperenon
798 1624 981 1701 dubitaris
1036 1619 1266 1717 Mihilenim
1291 1652 1386 1728 quae

290 1750 443 1849 profert:
470 1746 699 1852 „recedentis
724 1748 763 1820 irs
788 1745 976 1847 ¹quoddam
1009 1747 1170 1820 seculum
1178 1754 1201 1792 “
1233 1747 1386 1820 nullum

289 1866 429 1942 nedum
453 1867 588 1940 iustum
616 1891 761 1940 sensum
781 1867 953 1966 praebere
975 1865 1159 1941 videntur.
1219 1865 1304 1940 Sed
1331 1866 1387 1938 sui

293 1987 422 2090 cuique
448 1985 551 2060 liberi
579 1983 653 2061 cari
680 2005 716 2060 et
740 1983 887 2059 fortasse
908 1983 1006 2058 idem
1027 1983 1065 2058 in
1090 2012 1147 2058 me
1174 1985 1334 2062 dicetur.

362 2111 446 2185 Alia
474 2109 572 2190 enjm
597 2108 686 2182 mihi
713 2111 752 2182 in
785 2130 941 2183 mentem
969 2128 1151 2184 venerunt
1213 2108 1385 2181 Primum

293 2231 455 2305 omnium
476 2257 518 2305 ex
559 2233 667 2306 altera
684 2219 687 2224 ¹
702 2230 949 2331 praecedentis
991 2230 1114 2333 capitis
1150 2219 1385 2334 paragrapho

247 2344 250 2354 ¹
293 2373 450 2448 constat,
483 2351 667 2428 Velleium
692 2353 833 2444 minari,
848 2382 855 2395 ¹
868 2350 971 2452 quod
1002 2350 1284 2430 eminentissima
1307 2379 1385 2442 cu·

195 2459 198 2464 ⁵
292 2475 420 2576 iusque
444 2451 676 2572 professionis
697 2472 841 2572 ingenia
862 2473 910 2544 ita
934 2497 1078 2571 semper
1102 2471 1279 2545 similibus
1303 2497 1384 2549 sese

175 2625 181 2640 =
293 2591 538 2684 adiunxeriut,
574 2613 616 2664 ut
645 2590 775 2666 eodem
800 2590 906 2690 plane
937 2589 1051 2667 modo
1087 2617 1214 2665 omnes
1247 2591 1386 2668 iisdem

294 2699 420 2798 studiis
453 2736 602 2810 operam
636 2709 813 2788 dederint.
876 2710 1014 2814 Atque
1033 2705 1118 2788 stine
1151 2714 1386 2813 praestantis·

294 2831 376 2906 simi
401 2833 572 2934 cuiusque
599 2833 734 2932 ingenii
760 2859 833 2907 esse
858 2833 1016 2926 videtur,
1059 2861 1200 2910 summa
1225 2863 1312 2912 cum
1337 2837 1386 2910 li-

294 2957 428 3030 bertate
457 2967 559 3028 suam
593 2953 660 3030 sibi
686 2955 780 3030 uiam
803 2955 961 3055 aperire,
1011 2976 1046 3052 et
1078 2957 1190 3050 subit,
1223 2955 1383 3056 opinor,

296 3074 468 3175 cuiusque
522 3074 685 3150 animum
708 3129 709 3137 κ
735 3074 874 3166 mirari,
927 3073 1027 3175 quod
1078 3115 1126 3134 --
1170 3077 1219 3150 ¹ut
1258 3093 1383 3150 exem-

295 3196 360 3294 plo
390 3216 469 3267 utar
499 3238 544 3252 -·
575 3193 793 3295 Aeschylus,
817 3191 1025 3293 Sophocles
1045 3213 1093 3286 ⁸et
1119 3193 1309 3295 Euripides
1336 3193 1385 3267 ad

295 3312 512 3411 tragoediam
548 3315 700 3415 quisque
734 3315 894 3393 animum
928 3313 1156 3416 appulerint,
1193 3343 1308 3416 quum
1342 3314 1383 3388 in

297 3432 455 3534 quolibet
483 3434 601 3534 poesis
641 3460 770 3533 genere
804 3455 839 3507 et
864 3433 1067 3535 :Sophocles
1114 3457 1148 3510 et
1186 3433 1382 3537 Euripides
1423 3495 1433 3504 .

297 3553 503 3628 excelsurus
532 3538 769 3628 hauddubie
800 3554 1020 3658 insignisque
1061 3555 1200 3630 [uerita
1238 3549 1382 3632 Deinde
1434 3433 1469 3712 l

266 3721 268 3726 ·
297 3699 402 3776 saepe
428 3700 471 3746 ex
500 3674 690 3775 semetipso
723 3699 761 3747 se
795 3676 1006 3776 quaesivisse
1028 3695 1181 3756 testatur
1204 3675 1381 3770 Velleius,
1418 3708 1424 3739 ι
1459 3719 1468 3736 .

247 3827 249 3834 ·
299 3793 485 3896 quomodo
507 3796 626 3888 fieret,
659 3814 698 3868 ut
727 3795 885 3896 singulae
913 3793 1083 3870 similium
1109 3793 1263 3897 ideoque
1291 3809 1412 3897 con-J
1468 3808 1470 3856 ¹

188 3921 198 3940 ⁶
297 3910 506 3990 iunctorum
538 3913 766 4018 ingeniorum
794 3918 983 3996 societates
1012 3918 1267 3994 urcviuimum
1299 3924 1404 3996 tan-¹

243 4049 248 4064 ’
299 4055 378 4115 tum
409 4037 578 4137 temporis
604 4035 768 4144 ¹spatium·
790 4030 1045 4136 perdurarint?
1095 4038 1240 4116 Putarat
1269 4044 1395 4130 enim,
1469 4015 1470 4036 Χ

234 4217 245 4227 .
269 4152 401 4256 ⁴quod
427 4155 538 4233 semel
561 4155 747 4258 inceptum
771 4177 863 4232 esset
880 4157 1136 4260 inventumque
1156 4162 1239 4236 artis
1261 4161 1377 4235 cuius·
1469 4211 1470 4236 r

299 4289 370 4376 que
404 4271 644 4386 doctrinaeve3
665 4303 800 4378 genus,
827 4275 927 4354 illud
948 4303 1013 4377 per
1046 4281 1169 4362 omnia
1207 4279 1375 4383 deinceps

489 4387 495 4408 ⁵
603 4405 606 4412 ¹
998 4397 1001 4406 '
1469 4407 1470 4450 t

492 4457 511 4484 ⁶
610 4515 617 4544 ¹
1004 4909 1032 4960 „
1398 4517 1470 4833 n
