<?xml version="1.0" encoding="UTF-8"?>
<!DOCTYPE html PUBLIC "-//W3C//DTD XHTML 1.0 Transitional//EN"
    "http://www.w3.org/TR/xhtml1/DTD/xhtml1-transitional.dtd">
<html xmlns="http://www.w3.org/1999/xhtml" xml:lang="en" lang="en">
 <head>
  <title>
</title>
<meta http-equiv="Content-Type" content="text/html;charset=utf-8" />
  <meta name='ocr-system' content='tesseract 3.04.00' />
  <meta name='ocr-capabilities' content='ocr_page ocr_carea ocr_par ocr_line ocrx_word'/>
</head>
<body>
  <div class='ocr_page' id='page_1' title='image "./locivelleianiin00laurgoog_0041.png"; bbox 0 0 2968 5046; ppageno 0'>
   <div class='ocr_carea' id='block_1_1' title="bbox 230 501 276 597">
    <p class='ocr_par' dir='ltr' id='par_1_1' title="bbox 230 501 276 597">
     <span class='ocr_line' id='line_1_1' title="bbox 230 501 276 597; baseline 0 0"><span class='ocrx_word' id='word_1_1' title='bbox 230 501 276 597; x_wconf 80' lang='lat'><strong>12</strong></span> 
     </span>
    </p>
   </div>
   <div class='ocr_carea' id='block_1_2' title="bbox 326 661 1299 790">
    <p class='ocr_par' dir='ltr' id='par_1_2' title="bbox 326 661 1299 790">
     <span class='ocr_line' id='line_1_2' title="bbox 326 661 1299 790; baseline -0.007 -26"><span class='ocrx_word' id='word_1_2' title='bbox 326 687 454 790; x_wconf 85' lang='lat' dir='ltr'>Neque</span> <span class='ocrx_word' id='word_1_3' title='bbox 491 690 586 764; x_wconf 87' lang='lat' dir='ltr'><strong>enim</strong></span> <span class='ocrx_word' id='word_1_4' title='bbox 615 665 774 790; x_wconf 83' lang='lat' dir='ltr'><strong>¹quamvis</strong></span> <span class='ocrx_word' id='word_1_5' title='bbox 805 688 976 762; x_wconf 80' lang='lat' dir='ltr'><strong>renitente</strong></span> <span class='ocrx_word' id='word_1_6' title='bbox 1013 685 1166 760; x_wconf 87' lang='lat' dir='ltr'><strong>Burerio</strong></span> <span class='ocrx_word' id='word_1_7' title='bbox 1197 661 1299 758; x_wconf 81' lang='lat' dir='ltr'><strong>dnbi-</strong></span> 
     </span>
    </p>
   </div>
   <div class='ocr_carea' id='block_1_3' title="bbox 227 791 1466 908">
    <p class='ocr_par' dir='ltr' id='par_1_3' title="bbox 227 791 1466 908">
     <span class='ocr_line' id='line_1_3' title="bbox 227 791 1466 908; baseline -0.002 -28"><span class='ocrx_word' id='word_1_8' title='bbox 227 825 346 900; x_wconf 76' lang='lat' dir='ltr'><strong>tnrnnt</strong></span> <span class='ocrx_word' id='word_1_9' title='bbox 369 807 459 882; x_wconf 89' lang='lat' dir='ltr'><strong>haec</strong></span> <span class='ocrx_word' id='word_1_10' title='bbox 482 810 520 882; x_wconf 90' lang='lat' dir='ltr'><strong>in</strong></span> <span class='ocrx_word' id='word_1_11' title='bbox 546 829 678 883; x_wconf 82' lang='lat' dir='ltr'><strong>textum</strong></span> <span class='ocrx_word' id='word_1_12' title='bbox 702 810 890 908; x_wconf 63' lang='lat' dir='ltr'><strong>reciperer</strong></span> <span class='ocrx_word' id='word_1_13' title='bbox 914 822 952 880; x_wconf 86' lang='lat' dir='ltr'><strong>et</strong></span> <span class='ocrx_word' id='word_1_14' title='bbox 980 807 1110 879; x_wconf 79' lang='lat' dir='ltr'><strong>tabula</strong></span> <span class='ocrx_word' id='word_1_15' title='bbox 1138 819 1301 878; x_wconf 81' lang='lat' dir='ltr'><strong>testatur</strong></span> <span class='ocrx_word' id='word_1_16' title='bbox 1377 795 1379 802; x_wconf 64' lang='grc'><strong>’</strong></span> <span class='ocrx_word' id='word_1_17' title='bbox 1465 791 1466 804; x_wconf 38' lang='lat'>¹</span> 
     </span>
    </p>
   </div>
   <div class='ocr_carea' id='block_1_4' title="bbox 125 925 1404 4389">
    <p class='ocr_par' dir='ltr' id='par_1_4' title="bbox 125 925 1404 3425">
     <span class='ocr_line' id='line_1_4' title="bbox 227 925 1300 1002; baseline 0.001 -2"><span class='ocrx_word' id='word_1_18' title='bbox 227 955 343 1001; x_wconf 84' lang='lat' dir='ltr'><strong>aereo</strong></span> <span class='ocrx_word' id='word_1_19' title='bbox 358 932 464 1000; x_wconf 84' lang='lat' dir='ltr'><strong>intra</strong></span> <span class='ocrx_word' id='word_1_20' title='bbox 482 934 625 1002; x_wconf 84' lang='lat' dir='ltr'><strong>aedem.</strong></span> <span class='ocrx_word' id='word_1_21' title='bbox 650 931 801 1000; x_wconf 80' lang='lat' dir='ltr'><em>Deinde</em></span> <span class='ocrx_word' id='word_1_22' title='bbox 818 953 909 1000; x_wconf 85' lang='lat' dir='ltr'><strong>coss.</strong></span> <span class='ocrx_word' id='word_1_23' title='bbox 955 926 1005 999; x_wconf 88' lang='lat' dir='ltr'><strong>At</strong></span> <span class='ocrx_word' id='word_1_24' title='bbox 1020 952 1107 1001; x_wconf 84' lang='lat' dir='ltr'><strong>vero</strong></span> <span class='ocrx_word' id='word_1_25' title='bbox 1131 951 1207 1000; x_wconf 90' lang='lat' dir='ltr'><strong>non</strong></span> <span class='ocrx_word' id='word_1_26' title='bbox 1222 925 1300 1001; x_wconf 86' lang='lat' dir='ltr'><strong>vili·</strong></span> 
     </span>
     <span class='ocr_line' id='line_1_5' title="bbox 225 1043 1300 1153; baseline -0.007 -29"><span class='ocrx_word' id='word_1_27' title='bbox 225 1050 419 1153; x_wconf 84' lang='lat' dir='ltr'><strong>pendenda</strong></span> <span class='ocrx_word' id='word_1_28' title='bbox 441 1072 544 1124; x_wconf 90' lang='lat' dir='ltr'><strong>erant</strong></span> <span class='ocrx_word' id='word_1_29' title='bbox 565 1051 724 1126; x_wconf 89' lang='lat' dir='ltr'><strong>Burerii:</strong></span> <span class='ocrx_word' id='word_1_30' title='bbox 761 1043 794 1140; x_wconf 74' lang='lat' dir='ltr'><strong>ds</strong></span> <span class='ocrx_word' id='word_1_31' title='bbox 815 1048 971 1120; x_wconf 84' lang='lat' dir='ltr'><strong>crabula</strong></span> <span class='ocrx_word' id='word_1_32' title='bbox 990 1060 1153 1119; x_wconf 78' lang='lat' dir='ltr'><strong>testatur</strong></span> <span class='ocrx_word' id='word_1_33' title='bbox 1174 1072 1300 1124; x_wconf 81' lang='lat' dir='ltr'><strong>aerea.</strong></span> 
     </span>
     <span class='ocr_line' id='line_1_6' title="bbox 154 1162 1300 1260; baseline -0.007 -16"><span class='ocrx_word' id='word_1_34' title='bbox 154 1228 157 1244; x_wconf 35' lang='grc' dir='ltr'>ι</span> <span class='ocrx_word' id='word_1_35' title='bbox 207 1174 379 1243; x_wconf 66' lang='lat' dir='ltr'><strong>&#39;Interea</strong></span> <span class='ocrx_word' id='word_1_36' title='bbox 411 1173 556 1242; x_wconf 83' lang='lat' dir='ltr'><strong>deinde.</strong></span> <span class='ocrx_word' id='word_1_37' title='bbox 611 1168 693 1242; x_wconf 86' lang='lat' dir='ltr'><strong>Hoc</strong></span> <span class='ocrx_word' id='word_1_38' title='bbox 728 1167 825 1240; x_wconf 89' lang='lat' dir='ltr'><strong>enim</strong></span> <span class='ocrx_word' id='word_1_39' title='bbox 865 1166 931 1240; x_wconf 89' lang='lat' dir='ltr'><strong>sub</strong></span> <span class='ocrx_word' id='word_1_40' title='bbox 960 1167 1039 1238; x_wconf 90' lang='lat' dir='ltr'><strong>luto</strong></span> <span class='ocrx_word' id='word_1_41' title='bbox 1065 1165 1151 1238; x_wconf 87' lang='lat' dir='ltr'><strong>latet</strong></span> <span class='ocrx_word' id='word_1_42' title='bbox 1184 1162 1300 1260; x_wconf 89' lang='lat' dir='ltr'><strong>(mihi</strong></span> 
     </span>
     <span class='ocr_line' id='line_1_7' title="bbox 225 1284 1299 1384; baseline -0.005 -22"><span class='ocrx_word' id='word_1_43' title='bbox 225 1288 353 1378; x_wconf 90' lang='lat' dir='ltr'><strong>crede)</strong></span> <span class='ocrx_word' id='word_1_44' title='bbox 389 1314 492 1364; x_wconf 88' lang='lat' dir='ltr'><strong>verae</strong></span> <span class='ocrx_word' id='word_1_45' title='bbox 531 1288 712 1382; x_wconf 87' lang='lat' dir='ltr'><strong>lectionis,</strong></span> <span class='ocrx_word' id='word_1_46' title='bbox 749 1307 788 1358; x_wconf 90' lang='lat' dir='ltr'><strong>nt</strong></span> <span class='ocrx_word' id='word_1_47' title='bbox 826 1286 873 1358; x_wconf 85' lang='lat' dir='ltr'><strong>ita</strong></span> <span class='ocrx_word' id='word_1_48' title='bbox 908 1284 1049 1378; x_wconf 88' lang='lat' dir='ltr'><strong>dicam,</strong></span> <span class='ocrx_word' id='word_1_49' title='bbox 1099 1284 1299 1384; x_wconf 82' lang='lat' dir='ltr'><strong>margarita.</strong></span> 
     </span>
     <span class='ocr_line' id='line_1_8' title="bbox 226 1391 1301 1510; baseline -0.006 -28"><span class='ocrx_word' id='word_1_50' title='bbox 226 1408 299 1482; x_wconf 86' lang='lat' dir='ltr'><strong>Sed</strong></span> <span class='ocrx_word' id='word_1_51' title='bbox 335 1392 540 1510; x_wconf 85' lang='lat' dir='ltr'><strong>priusquam</strong></span> <span class='ocrx_word' id='word_1_52' title='bbox 586 1406 697 1487; x_wconf 76' lang='lat' dir='ltr'><strong>ha&#39;nc²</strong></span> <span class='ocrx_word' id='word_1_53' title='bbox 717 1391 890 1507; x_wconf 67' lang='lat' dir='ltr'><strong>cupiscari</strong></span> <span class='ocrx_word' id='word_1_54' title='bbox 918 1431 1109 1498; x_wconf 89' lang='lat' dir='ltr'><strong>conemur,</strong></span> <span class='ocrx_word' id='word_1_55' title='bbox 1149 1429 1301 1506; x_wconf 85' lang='lat' dir='ltr'><strong>perpen-</strong></span> 
     </span>
     <span class='ocr_line' id='line_1_9' title="bbox 225 1523 1302 1626; baseline -0.006 -24"><span class='ocrx_word' id='word_1_56' title='bbox 225 1528 351 1602; x_wconf 86' lang='lat' dir='ltr'><strong>damus</strong></span> <span class='ocrx_word' id='word_1_57' title='bbox 376 1553 516 1600; x_wconf 90' lang='lat' dir='ltr'><strong>necesse</strong></span> <span class='ocrx_word' id='word_1_58' title='bbox 550 1547 620 1618; x_wconf 72' lang='lat' dir='ltr'><strong>est„</strong></span> <span class='ocrx_word' id='word_1_59' title='bbox 649 1529 780 1626; x_wconf 84' lang='lat' dir='ltr'><strong>quibus</strong></span> <span class='ocrx_word' id='word_1_60' title='bbox 801 1526 857 1598; x_wconf 84' lang='lat' dir='ltr'><strong>-de</strong></span> <span class='ocrx_word' id='word_1_61' title='bbox 884 1530 1013 1600; x_wconf 81' lang='lat' dir='ltr'>caussis</span> <span class='ocrx_word' id='word_1_62' title='bbox 1048 1525 1205 1619; x_wconf 87' lang='lat' dir='ltr'><strong>(etiamsi</strong></span> <span class='ocrx_word' id='word_1_63' title='bbox 1233 1523 1302 1596; x_wconf 91' lang='lat' dir='ltr'><strong>dis·</strong></span> 
     </span>
     <span class='ocr_line' id='line_1_10' title="bbox 224 1631 1302 1722; baseline -0.007 0"><span class='ocrx_word' id='word_1_64' title='bbox 224 1649 368 1722; x_wconf 88' lang='lat' dir='ltr'><strong>cesseris</strong></span> <span class='ocrx_word' id='word_1_65' title='bbox 398 1649 441 1720; x_wconf 90' lang='lat' dir='ltr'><strong>ab</strong></span> <span class='ocrx_word' id='word_1_66' title='bbox 470 1643 677 1716; x_wconf 89' lang='lat' dir='ltr'><strong>auctoritate</strong></span> <span class='ocrx_word' id='word_1_67' title='bbox 714 1665 748 1714; x_wconf 91' lang='lat' dir='ltr'><strong>et</strong></span> <span class='ocrx_word' id='word_1_68' title='bbox 773 1643 906 1718; x_wconf 89' lang='lat' dir='ltr'><strong>codicis</strong></span> <span class='ocrx_word' id='word_1_69' title='bbox 934 1666 968 1717; x_wconf 87' lang='lat' dir='ltr'><strong>et</strong></span> <span class='ocrx_word' id='word_1_70' title='bbox 994 1631 1137 1717; x_wconf 71' lang='lat' dir='ltr'><strong>Bul-orii</strong></span> <span class='ocrx_word' id='word_1_71' title='bbox 1164 1669 1302 1716; x_wconf 85' lang='lat' dir='ltr'><strong>summa</strong></span> 
     </span>
     <span class='ocr_line' id='line_1_11' title="bbox 224 1759 1301 1865; baseline -0.004 -27"><span class='ocrx_word' id='word_1_72' title='bbox 224 1766 382 1864; x_wconf 85' lang='lat' dir='ltr'><strong>alioquin</strong></span> <span class='ocrx_word' id='word_1_73' title='bbox 396 1762 468 1836; x_wconf 89' lang='lat' dir='ltr'><strong>fide</strong></span> <span class='ocrx_word' id='word_1_74' title='bbox 486 1759 695 1862; x_wconf 82' lang='lat' dir='ltr'><strong>dignorum)</strong></span> <span class='ocrx_word' id='word_1_75' title='bbox 712 1761 957 1836; x_wconf 81' lang='lat' dir='ltr'><strong>dimittendam</strong></span> <span class='ocrx_word' id='word_1_76' title='bbox 973 1788 1118 1864; x_wconf 88' lang='lat' dir='ltr'><strong>prorsus</strong></span> <span class='ocrx_word' id='word_1_77' title='bbox 1134 1769 1301 1865; x_wconf 86' lang='lat' dir='ltr'><strong>spernen-</strong></span> 
     </span>
     <span class='ocr_line' id='line_1_12' title="bbox 224 1883 1301 1986; baseline -0.005 -26"><span class='ocrx_word' id='word_1_78' title='bbox 224 1885 380 1986; x_wconf 86' lang='lat' dir='ltr'><strong>damque</strong></span> <span class='ocrx_word' id='word_1_79' title='bbox 400 1909 625 1958; x_wconf 71' lang='lat' dir='ltr'><strong>⁴censeamus</strong></span> <span class='ocrx_word' id='word_1_80' title='bbox 659 1883 804 1956; x_wconf 85' lang='lat' dir='ltr'><strong>Krausii</strong></span> <span class='ocrx_word' id='word_1_81' title='bbox 838 1885 1061 1982; x_wconf 84' lang='lat' dir='ltr'><strong>aliorumque</strong></span> <span class='ocrx_word' id='word_1_82' title='bbox 1100 1883 1301 1956; x_wconf 90' lang='lat' dir='ltr'><strong>lectionem.</strong></span> 
     </span>
     <span class='ocr_line' id='line_1_13' title="bbox 223 2002 1299 2106; baseline -0.002 -28"><span class='ocrx_word' id='word_1_83' title='bbox 223 2006 348 2106; x_wconf 89' lang='lat' dir='ltr'><strong>Itaque</strong></span> <span class='ocrx_word' id='word_1_84' title='bbox 375 2003 463 2105; x_wconf 91' lang='lat' dir='ltr'><strong>quid</strong></span> <span class='ocrx_word' id='word_1_85' title='bbox 490 2004 557 2076; x_wconf 84' lang='lat' dir='ltr'><strong>sibi</strong></span> <span class='ocrx_word' id='word_1_86' title='bbox 582 2004 665 2078; x_wconf 90' lang='lat' dir='ltr'><strong>vult·</strong></span> <span class='ocrx_word' id='word_1_87' title='bbox 681 2005 805 2104; x_wconf 87' lang='lat' dir='ltr'><strong>tabula·</strong></span> <span class='ocrx_word' id='word_1_88' title='bbox 823 2005 887 2076; x_wconf 90' lang='lat' dir='ltr'><strong>ista</strong></span> <span class='ocrx_word' id='word_1_89' title='bbox 915 2031 1015 2077; x_wconf 84' lang='lat' dir='ltr'><strong>aerea</strong></span> <span class='ocrx_word' id='word_1_90' title='bbox 1044 2005 1138 2092; x_wconf 80' lang='lat' dir='ltr'><strong>intra</strong></span> <span class='ocrx_word' id='word_1_91' title='bbox 1163 2002 1299 2098; x_wconf 81' lang='lat' dir='ltr'><strong>aedem,</strong></span> 
     </span>
     <span class='ocr_line' id='line_1_14' title="bbox 153 2120 1301 2224; baseline -0.004 -24"><span class='ocrx_word' id='word_1_92' title='bbox 153 2212 155 2218; x_wconf 14' lang='lat'><strong>¹</strong></span> <span class='ocrx_word' id='word_1_93' title='bbox 201 2128 418 2212; x_wconf 71' lang='lat' dir='ltr'><strong>=utvolunt‚</strong></span> <span class='ocrx_word' id='word_1_94' title='bbox 443 2122 604 2197; x_wconf 81' lang='lat' dir='ltr'><strong>servata?</strong></span> <span class='ocrx_word' id='word_1_95' title='bbox 643 2125 750 2198; x_wconf 84' lang='lat' dir='ltr'><strong>Estne</strong></span> <span class='ocrx_word' id='word_1_96' title='bbox 765 2120 946 2224; x_wconf 79' lang='lat' dir='ltr'><strong>inscriptio</strong></span> <span class='ocrx_word' id='word_1_97' title='bbox 965 2123 1095 2197; x_wconf 83' lang='lat' dir='ltr'><strong>aerea?</strong></span> <span class='ocrx_word' id='word_1_98' title='bbox 1137 2124 1301 2196; x_wconf 84' lang='lat' dir='ltr'><strong>Goettins</strong></span> 
     </span>
     <span class='ocr_line' id='line_1_15' title="bbox 125 2243 1302 2344; baseline -0.003 -23"><span class='ocrx_word' id='word_1_99' title='bbox 125 2263 127 2272; x_wconf 89' lang='grc'><strong>’</strong></span> <span class='ocrx_word' id='word_1_100' title='bbox 210 2243 319 2322; x_wconf 55' lang='lat' dir='ltr'><strong>&#39;certe</strong></span> <span class='ocrx_word' id='word_1_101' title='bbox 344 2245 389 2319; x_wconf 84' lang='lat' dir='ltr'><strong>V.</strong></span> <span class='ocrx_word' id='word_1_102' title='bbox 409 2245 454 2318; x_wconf 92' lang='lat' dir='ltr'><strong>D.</strong></span> <span class='ocrx_word' id='word_1_103' title='bbox 479 2246 601 2317; x_wconf 89' lang='lat' dir='ltr'><strong>vertit:</strong></span> <span class='ocrx_word' id='word_1_104' title='bbox 632 2246 747 2338; x_wconf 87' lang='lat' dir='ltr'><strong>„Eine</strong></span> <span class='ocrx_word' id='word_1_105' title='bbox 761 2245 891 2318; x_wconf 90' lang='lat' dir='ltr'><strong>eheme</strong></span> <span class='ocrx_word' id='word_1_106' title='bbox 914 2243 1052 2317; x_wconf 82' lang='lat' dir='ltr'><strong>Tafel.“</strong></span> <span class='ocrx_word' id='word_1_107' title='bbox 1097 2246 1302 2344; x_wconf 69' lang='lat' dir='ltr'><strong>Ergone‘et</strong></span> 
     </span>
     <span class='ocr_line' id='line_1_16' title="bbox 222 2359 1300 2466; baseline -0.003 -25"><span class='ocrx_word' id='word_1_108' title='bbox 222 2366 404 2466; x_wconf 74' lang='lat' dir='ltr'><strong>inscriptio</strong></span> <span class='ocrx_word' id='word_1_109' title='bbox 419 2366 491 2457; x_wconf 89' lang='lat' dir='ltr'><strong>illa,</strong></span> <span class='ocrx_word' id='word_1_110' title='bbox 514 2364 607 2466; x_wconf 91' lang='lat' dir='ltr'><strong>posti</strong></span> <span class='ocrx_word' id='word_1_111' title='bbox 629 2365 755 2465; x_wconf 89' lang='lat' dir='ltr'><strong>templi</strong></span> <span class='ocrx_word' id='word_1_112' title='bbox 777 2368 888 2460; x_wconf 82' lang='lat' dir='ltr'><strong>affixa,</strong></span> <span class='ocrx_word' id='word_1_113' title='bbox 903 2367 1023 2438; x_wconf 79' lang='lat' dir='ltr'><strong>tabula</strong></span> <span class='ocrx_word' id='word_1_114' title='bbox 1046 2365 1123 2438; x_wconf 76' lang='lat' dir='ltr'><strong>est?</strong></span> <span class='ocrx_word' id='word_1_115' title='bbox 1157 2359 1300 2440; x_wconf 84' lang='lat' dir='ltr'><strong>Etenim</strong></span> 
     </span>
     <span class='ocr_line' id='line_1_17' title="bbox 223 2485 1363 2587; baseline -0.002 -27"><span class='ocrx_word' id='word_1_116' title='bbox 223 2491 416 2585; x_wconf 85' lang='lat' dir='ltr'><strong>affiguntur</strong></span> <span class='ocrx_word' id='word_1_117' title='bbox 433 2485 580 2567; x_wconf 83' lang='lat' dir='ltr'><strong>nonnisi</strong></span> <span class='ocrx_word' id='word_1_118' title='bbox 595 2485 746 2558; x_wconf 77' lang='lat' dir='ltr'><strong>tabulae.</strong></span> <span class='ocrx_word' id='word_1_119' title='bbox 782 2486 905 2559; x_wconf 87' lang='lat' dir='ltr'><strong>Verba</strong></span> <span class='ocrx_word' id='word_1_120' title='bbox 924 2487 1059 2580; x_wconf 76' lang='lat' dir='ltr'><strong>nutem,&#39;</strong></span> <span class='ocrx_word' id='word_1_121' title='bbox 1082 2513 1173 2587; x_wconf 90' lang='lat' dir='ltr'><strong>quae</strong></span> <span class='ocrx_word' id='word_1_122' title='bbox 1191 2489 1301 2585; x_wconf 84' lang='lat' dir='ltr'><strong>vulgo</strong></span> <span class='ocrx_word' id='word_1_123' title='bbox 1358 2557 1363 2566; x_wconf 26' lang='grc' dir='ltr'>ι</span> 
     </span>
     <span class='ocr_line' id='line_1_18' title="bbox 226 2599 1302 2702; baseline -0.003 -22"><span class='ocrx_word' id='word_1_124' title='bbox 226 2608 404 2696; x_wconf 83' lang='lat' dir='ltr'><strong>feruntur,</strong></span> <span class='ocrx_word' id='word_1_125' title='bbox 420 2606 675 2688; x_wconf 46' lang='lat' dir='ltr'><strong>tratraraedem</strong></span> <span class='ocrx_word' id='word_1_126' title='bbox 690 2625 924 2702; x_wconf 89' lang='lat' dir='ltr'><strong>opponuntur</strong></span> <span class='ocrx_word' id='word_1_127' title='bbox 941 2604 1024 2677; x_wconf 88' lang='lat' dir='ltr'><strong>illis:</strong></span> <span class='ocrx_word' id='word_1_128' title='bbox 1047 2599 1178 2702; x_wconf 82' lang='lat' dir='ltr'><strong>terripli</strong></span> <span class='ocrx_word' id='word_1_129' title='bbox 1185 2608 1302 2702; x_wconf 83' lang='lat' dir='ltr'><strong>posti.</strong></span> 
     </span>
     <span class='ocr_line' id='line_1_19' title="bbox 131 2720 1298 2824; baseline -0.003 -25"><span class='ocrx_word' id='word_1_130' title='bbox 131 2763 134 2771; x_wconf 58' lang='lat'><strong><em>¹</em></strong></span> <span class='ocrx_word' id='word_1_131' title='bbox 221 2725 343 2824; x_wconf 86' lang='lat' dir='ltr'><strong>Atque</strong></span> <span class='ocrx_word' id='word_1_132' title='bbox 368 2747 507 2815; x_wconf 85' lang='lat' dir='ltr'><strong>nonne,</strong></span> <span class='ocrx_word' id='word_1_133' title='bbox 529 2721 559 2794; x_wconf 89' lang='lat' dir='ltr'><strong>si</strong></span> <span class='ocrx_word' id='word_1_134' title='bbox 583 2720 673 2794; x_wconf 89' lang='lat' dir='ltr'><strong>haec</strong></span> <span class='ocrx_word' id='word_1_135' title='bbox 696 2727 818 2824; x_wconf 86' lang='lat' dir='ltr'><strong>reap&#39;se</strong></span> <span class='ocrx_word' id='word_1_136' title='bbox 833 2725 1026 2800; x_wconf 75' lang='lat' dir='ltr'><strong>‚Velleiana</strong></span> <span class='ocrx_word' id='word_1_137' title='bbox 1053 2745 1187 2818; x_wconf 88' lang='lat' dir='ltr'><strong>essent,</strong></span> <span class='ocrx_word' id='word_1_138' title='bbox 1222 2750 1298 2797; x_wconf 92' lang='lat' dir='ltr'><strong>rem</strong></span> 
     </span>
     <span class='ocr_line' id='line_1_20' title="bbox 214 2842 1404 2948; baseline -0.003 -29"><span class='ocrx_word' id='word_1_139' title='bbox 214 2842 518 2948; x_wconf 44' lang='lat' dir='ltr'><strong>⁴simplicissimam</strong></span> <span class='ocrx_word' id='word_1_140' title='bbox 535 2844 733 2916; x_wconf 85' lang='lat' dir='ltr'><strong>necessario</strong></span> <span class='ocrx_word' id='word_1_141' title='bbox 745 2844 926 2917; x_wconf 82' lang='lat' dir='ltr'><strong>verbosius</strong></span> <span class='ocrx_word' id='word_1_142' title='bbox 942 2843 1185 2945; x_wconf 79' lang='lat' dir='ltr'><strong>exposuisset?</strong></span> <span class='ocrx_word' id='word_1_143' title='bbox 1207 2842 1302 2918; x_wconf 90' lang='lat' dir='ltr'><strong>Mihi</strong></span> <span class='ocrx_word' id='word_1_144' title='bbox 1401 2893 1404 2900; x_wconf 86' lang='lat'><em>-</em></span> 
     </span>
     <span class='ocr_line' id='line_1_21' title="bbox 223 2953 1301 3067; baseline -0.001 -28"><span class='ocrx_word' id='word_1_145' title='bbox 223 2963 369 3067; x_wconf 87' lang='lat' dir='ltr'><strong>quidem</strong></span> <span class='ocrx_word' id='word_1_146' title='bbox 407 2953 505 3036; x_wconf 62' lang='lat' dir='ltr'><strong>nihil‘</strong></span> <span class='ocrx_word' id='word_1_147' title='bbox 534 2963 679 3053; x_wconf 84' lang='lat' dir='ltr'><strong>clarius,</strong></span> <span class='ocrx_word' id='word_1_148' title='bbox 739 2957 851 3063; x_wconf 86' lang='lat' dir='ltr'><strong>quam</strong></span> <span class='ocrx_word' id='word_1_149' title='bbox 887 2989 970 3036; x_wconf 89' lang='lat' dir='ltr'><strong>eum</strong></span> <span class='ocrx_word' id='word_1_150' title='bbox 1006 2965 1106 3038; x_wconf 88' lang='lat' dir='ltr'><strong>hunc</strong></span> <span class='ocrx_word' id='word_1_151' title='bbox 1148 2966 1185 3038; x_wconf 94' lang='lat' dir='ltr'><strong>in</strong></span> <span class='ocrx_word' id='word_1_152' title='bbox 1223 2991 1301 3038; x_wconf 91' lang='lat' dir='ltr'><strong>mo-</strong></span> 
     </span>
     <span class='ocr_line' id='line_1_22' title="bbox 222 3063 1301 3183; baseline -0.001 -25"><span class='ocrx_word' id='word_1_153' title='bbox 222 3083 311 3158; x_wconf 92' lang='lat' dir='ltr'><strong>dum</strong></span> <span class='ocrx_word' id='word_1_154' title='bbox 348 3111 593 3183; x_wconf 81' lang='lat' dir='ltr'><strong>expressorum</strong></span> <span class='ocrx_word' id='word_1_155' title='bbox 625 3083 730 3156; x_wconf 80' lang='lat' dir='ltr'><strong>fuisse</strong></span> <span class='ocrx_word' id='word_1_156' title='bbox 763 3085 975 3158; x_wconf 89' lang='lat' dir='ltr'><strong>sententiam</strong></span> <span class='ocrx_word' id='word_1_157' title='bbox 1009 3086 1125 3160; x_wconf 86' lang='lat' dir='ltr'><strong>illam:</strong></span> <span class='ocrx_word' id='word_1_158' title='bbox 1181 3063 1301 3158; x_wconf 79' lang='lat' dir='ltr'><strong>Huius</strong></span> 
     </span>
     <span class='ocr_line' id='line_1_23' title="bbox 222 3205 1301 3306; baseline -0.001 -29"><span class='ocrx_word' id='word_1_159' title='bbox 222 3227 341 3303; x_wconf 82' lang='lat' dir='ltr'><strong>gratae</strong></span> <span class='ocrx_word' id='word_1_160' title='bbox 367 3205 549 3303; x_wconf 74' lang='lat' dir='ltr'><strong>religionis</strong></span> <span class='ocrx_word' id='word_1_161' title='bbox 574 3205 782 3278; x_wconf 84' lang='lat' dir='ltr'><strong>memoriam</strong></span> <span class='ocrx_word' id='word_1_162' title='bbox 813 3225 847 3278; x_wconf 92' lang='lat' dir='ltr'><strong>et</strong></span> <span class='ocrx_word' id='word_1_163' title='bbox 879 3206 1004 3306; x_wconf 89' lang='lat' dir='ltr'><strong>templi</strong></span> <span class='ocrx_word' id='word_1_164' title='bbox 1029 3206 1122 3305; x_wconf 91' lang='lat' dir='ltr'><strong>posti</strong></span> <span class='ocrx_word' id='word_1_165' title='bbox 1147 3227 1183 3278; x_wconf 89' lang='lat' dir='ltr'><strong>et</strong></span> <span class='ocrx_word' id='word_1_166' title='bbox 1207 3206 1301 3279; x_wconf 89' lang='lat' dir='ltr'><strong>intus</strong></span> 
     </span>
     <span class='ocr_line' id='line_1_24' title="bbox 221 3324 820 3425; baseline -0.003 -25"><span class='ocrx_word' id='word_1_167' title='bbox 221 3327 344 3400; x_wconf 84' lang='lat' dir='ltr'><strong>affixae</strong></span> <span class='ocrx_word' id='word_1_168' title='bbox 366 3344 537 3397; x_wconf 84' lang='lat' dir='ltr'><strong>testantur</strong></span> <span class='ocrx_word' id='word_1_169' title='bbox 560 3324 820 3425; x_wconf 73' lang='lat' dir='ltr'><strong>inscriptiones,</strong></span> 
     </span>
    </p>

    <p class='ocr_par' dir='ltr' id='par_1_5' title="bbox 170 3441 1309 4389">
     <span class='ocr_line' id='line_1_25' title="bbox 319 3441 1309 3545; baseline 0.006 -28"><span class='ocrx_word' id='word_1_170' title='bbox 319 3441 393 3518; x_wconf 88' lang='lat' dir='ltr'><strong>Sed</strong></span> <span class='ocrx_word' id='word_1_171' title='bbox 422 3443 515 3517; x_wconf 90' lang='lat' dir='ltr'><strong>dicet</strong></span> <span class='ocrx_word' id='word_1_172' title='bbox 551 3445 697 3527; x_wconf 83' lang='lat' dir='ltr'><strong>fortasse</strong></span> <span class='ocrx_word' id='word_1_173' title='bbox 735 3444 930 3545; x_wconf 81' lang='lat' dir='ltr'><strong>quispiam:</strong></span> <span class='ocrx_word' id='word_1_174' title='bbox 963 3441 1123 3519; x_wconf 86' lang='lat' dir='ltr'><strong>tabulam</strong></span> <span class='ocrx_word' id='word_1_175' title='bbox 1157 3467 1309 3524; x_wconf 80' lang='lat' dir='ltr'><strong>aereum</strong></span> 
     </span>
     <span class='ocr_line' id='line_1_26' title="bbox 220 3565 1300 3666; baseline -0.004 -25"><span class='ocrx_word' id='word_1_176' title='bbox 220 3592 294 3642; x_wconf 88' lang='lat' dir='ltr'><strong>non</strong></span> <span class='ocrx_word' id='word_1_177' title='bbox 325 3565 594 3663; x_wconf 90' lang='lat' dir='ltr'><strong>inscriptionem</strong></span> <span class='ocrx_word' id='word_1_178' title='bbox 619 3589 711 3658; x_wconf 88' lang='lat' dir='ltr'><strong>esse,</strong></span> <span class='ocrx_word' id='word_1_179' title='bbox 742 3565 806 3638; x_wconf 83' lang='lat' dir='ltr'><strong>sed</strong></span> <span class='ocrx_word' id='word_1_180' title='bbox 827 3565 981 3638; x_wconf 85' lang='lat' dir='ltr'><strong>tabulam</strong></span> <span class='ocrx_word' id='word_1_181' title='bbox 1009 3592 1149 3666; x_wconf 85' lang='lat' dir='ltr'><strong>pugnae</strong></span> <span class='ocrx_word' id='word_1_182' title='bbox 1173 3565 1300 3664; x_wconf 85' lang='lat' dir='ltr'><strong>imagi-</strong></span> 
     </span>
     <span class='ocr_line' id='line_1_27' title="bbox 219 3683 1299 3787; baseline 0.002 -27"><span class='ocrx_word' id='word_1_183' title='bbox 219 3712 304 3760; x_wconf 88' lang='lat' dir='ltr'><strong>nem</strong></span> <span class='ocrx_word' id='word_1_184' title='bbox 333 3687 554 3758; x_wconf 87' lang='lat' dir='ltr'><strong>referentem.</strong></span> <span class='ocrx_word' id='word_1_185' title='bbox 615 3683 727 3769; x_wconf 90' lang='lat' dir='ltr'><strong>Quod</strong></span> <span class='ocrx_word' id='word_1_186' title='bbox 760 3685 921 3785; x_wconf 83' lang='lat' dir='ltr'><strong>quamvis</strong></span> <span class='ocrx_word' id='word_1_187' title='bbox 949 3686 1097 3761; x_wconf 89' lang='lat' dir='ltr'><strong>minime</strong></span> <span class='ocrx_word' id='word_1_188' title='bbox 1124 3686 1299 3787; x_wconf 84' lang='lat' dir='ltr'><strong>negarim,</strong></span> 
     </span>
     <span class='ocr_line' id='line_1_28' title="bbox 221 3805 1302 3908; baseline 0.001 -28"><span class='ocrx_word' id='word_1_189' title='bbox 221 3807 419 3908; x_wconf 81' lang='lat' dir='ltr'><strong>explicetur</strong></span> <span class='ocrx_word' id='word_1_190' title='bbox 444 3827 585 3898; x_wconf 85' lang='lat' dir='ltr'><strong>tamen,</strong></span> <span class='ocrx_word' id='word_1_191' title='bbox 611 3831 763 3905; x_wconf 75' lang='lat' dir='ltr'><strong>quaem,</strong></span> <span class='ocrx_word' id='word_1_192' title='bbox 793 3805 881 3906; x_wconf 89' lang='lat' dir='ltr'><strong>quid</strong></span> <span class='ocrx_word' id='word_1_193' title='bbox 895 3807 962 3880; x_wconf 89' lang='lat' dir='ltr'><strong>sibi</strong></span> <span class='ocrx_word' id='word_1_194' title='bbox 977 3808 1064 3894; x_wconf 86' lang='lat' dir='ltr'><strong>velit</strong></span> <span class='ocrx_word' id='word_1_195' title='bbox 1087 3807 1302 3882; x_wconf 86' lang='lat' dir='ltr'><strong>adiectivum</strong></span> 
     </span>
     <span class='ocr_line' id='line_1_29' title="bbox 218 3924 1302 4026; baseline 0.002 -28"><span class='ocrx_word' id='word_1_196' title='bbox 218 3926 364 3999; x_wconf 85' lang='lat' dir='ltr'><strong>aereo?</strong></span> <span class='ocrx_word' id='word_1_197' title='bbox 380 3971 433 3984; x_wconf 88' lang='lat'><strong>--</strong></span> <span class='ocrx_word' id='word_1_198' title='bbox 481 3924 642 3998; x_wconf 80' lang='lat' dir='ltr'><strong>Tabulae</strong></span> <span class='ocrx_word' id='word_1_199' title='bbox 671 3949 792 3997; x_wconf 88' lang='lat' dir='ltr'><strong>aereae</strong></span> <span class='ocrx_word' id='word_1_200' title='bbox 821 3927 927 3999; x_wconf 89' lang='lat' dir='ltr'><strong>etiam</strong></span> <span class='ocrx_word' id='word_1_201' title='bbox 950 3925 1056 4026; x_wconf 79' lang='lat' dir='ltr'><strong>opud</strong></span> <span class='ocrx_word' id='word_1_202' title='bbox 1087 3926 1302 4001; x_wconf 90' lang='lat' dir='ltr'><strong>Suetonium</strong></span> 
     </span>
     <span class='ocr_line' id='line_1_30' title="bbox 217 4044 1302 4147; baseline 0.003 -30"><span class='ocrx_word' id='word_1_203' title='bbox 217 4044 346 4145; x_wconf 87' lang='lat' dir='ltr'><strong>(Vesp.</strong></span> <span class='ocrx_word' id='word_1_204' title='bbox 369 4050 426 4142; x_wconf 91' lang='lat'><strong>8.)</strong></span> <span class='ocrx_word' id='word_1_205' title='bbox 472 4064 799 4119; x_wconf 84' lang='lat' dir='ltr'><strong>commemorantur</strong></span> <span class='ocrx_word' id='word_1_206' title='bbox 830 4066 1017 4146; x_wconf 78' lang='lat' dir='ltr'><strong>tamquam</strong></span> <span class='ocrx_word' id='word_1_207' title='bbox 1052 4045 1302 4147; x_wconf 82' lang='lat' dir='ltr'><strong>inscriptiones</strong></span> 
     </span>
     <span class='ocr_line' id='line_1_31' title="bbox 218 4164 1303 4268; baseline 0.004 -30"><span class='ocrx_word' id='word_1_208' title='bbox 218 4164 352 4268; x_wconf 81' lang='lat' dir='ltr'><strong>quippe</strong></span> <span class='ocrx_word' id='word_1_209' title='bbox 381 4165 508 4264; x_wconf 84' lang='lat' dir='ltr'><strong>quibus</strong></span> <span class='ocrx_word' id='word_1_210' title='bbox 532 4187 701 4241; x_wconf 85' lang='lat' dir='ltr'><strong>contenta</strong></span> <span class='ocrx_word' id='word_1_211' title='bbox 724 4165 855 4242; x_wconf 86' lang='lat' dir='ltr'><strong>fuerint</strong></span> <span class='ocrx_word' id='word_1_212' title='bbox 868 4165 961 4241; x_wconf 84' lang='lat' dir='ltr'><strong>SCta</strong></span> <span class='ocrx_word' id='word_1_213' title='bbox 982 4187 1018 4242; x_wconf 89' lang='lat' dir='ltr'><strong>et</strong></span> <span class='ocrx_word' id='word_1_214' title='bbox 1039 4167 1232 4268; x_wconf 80' lang='lat' dir='ltr'><strong>plebiscita.</strong></span> <span class='ocrx_word' id='word_1_215' title='bbox 1248 4210 1303 4227; x_wconf 89' lang='lat'><strong>-·-</strong></span> 
     </span>
     <span class='ocr_line' id='line_1_32' title="bbox 170 4281 1302 4389; baseline 0.005 -33"><span class='ocrx_word' id='word_1_216' title='bbox 170 4349 172 4356; x_wconf 82' lang='grc'>,</span> <span class='ocrx_word' id='word_1_217' title='bbox 217 4281 339 4370; x_wconf 84' lang='lat' dir='ltr'><strong>Quare</strong></span> <span class='ocrx_word' id='word_1_218' title='bbox 358 4281 405 4358; x_wconf 90' lang='lat' dir='ltr'><strong>de</strong></span> <span class='ocrx_word' id='word_1_219' title='bbox 427 4287 546 4360; x_wconf 83' lang='lat' dir='ltr'><strong>tabula</strong></span> <span class='ocrx_word' id='word_1_220' title='bbox 560 4313 661 4364; x_wconf 83' lang='lat' dir='ltr'><strong>aerea</strong></span> <span class='ocrx_word' id='word_1_221' title='bbox 680 4288 871 4389; x_wconf 78' lang='lat' dir='ltr'><strong>anaglypta</strong></span> <span class='ocrx_word' id='word_1_222' title='bbox 887 4288 955 4383; x_wconf 37' lang='lat' dir='ltr'><strong>,vix</strong></span> <span class='ocrx_word' id='word_1_223' title='bbox 972 4289 1040 4363; x_wconf 87' lang='lat' dir='ltr'><strong>erit</strong></span> <span class='ocrx_word' id='word_1_224' title='bbox 1057 4287 1302 4389; x_wconf 78' lang='lat' dir='ltr'><strong>cogitandum.</strong></span> 
     </span>
    </p>
   </div>
   <div class='ocr_carea' id='block_1_5' title="bbox 0 0 1488 5046">
    <p class='ocr_par' dir='ltr' id='par_1_6' title="bbox 0 0 1488 5046">
     <span class='ocr_line' id='line_1_33' title="bbox 0 0 1488 5046; baseline 0 2"><span class='ocrx_word' id='word_1_225' title='bbox 0 0 1488 5046; x_wconf 95' lang='lat' dir='ltr'><strong> </strong></span> 
     </span>
    </p>
   </div>
  </div>
 </body>
</html>
