2968 5046
150 385 479 536 ,μ’

379 627 504 698 Divus
528 626 725 720 Angustus
749 635 906 718 practer
932 621 1149 715 Hispanias
1174 622 1349 715 aliasque.

314 785 322 794 ·
374 759 525 844 gentes,
555 767 718 846 ortorum
741 729 863 822 titrtlla
886 742 968 836 elata
982 736 1116 840 forum
1134 741 1344 836 praenitet,

372 878 664 960 perdomitas
693 893 848 964 pacate
883 849 988 938 ΪῙΪῘ
1010 865 1134 964 facto
1170 862 1348 956 Aegypto

378 991 633 1083 stipendiaria
664 1001 847 1083 quantum
871 1000 990 1082 pater·
1020 987 1100 1055 eiua
1130 1007 1176 1054 ex
1209 982 1349 1054 Galliis

379 1108 419 1178 itt
442 1111 638 1180 aerarium
658 1111 804 1180 reditus
833 1099 1026 1179 contulit.“

269 1247 381 1328 Haud
423 1249 513 1323 nihil
552 1249 750 1350 ambigam,
787 1268 919 1348 'utrum
953 1243 1184 1321 scribendum
1220 1242 1267 1317 tit¹
1306 1269 1350 1316 ex

273 1371 412 1442 Galliis
451 1368 578 1471 (quod
615 1391 704 1470 puto
742 1369 824 1468 quia
862 1366 960 1468 apud
996 1360 1177 1442 Velleium
1217 1362 1350 1464 plurali

269 1513 410 1588 semper
433 1514 583 1561 nurnero
600 1488 737 1560 Galliae
756 1488 1018 1582 nominantur),
1047 1513 1103 1580 an,
1126 1484 1225 1585 quod
1242 1485 1348 1584 vulgo

268 1608 417 1709 legitur,
454 1609 532 1679 Gal
530 1610 595 1678 lia
652 1606 806 1707 Reliqua
839 1627 958 1678 autem
991 1631 1082 1708 quae
1110 1604 1246 1706 protuli
1274 1630 1348 1704 quo
1388 1666 1391 1675 ,

269 1727 466 1802 accuratius
498 1725 705 1830 perpendo
723 1752 766 1799 eo
799 1725 989 1826 magis-
1029 1723 1069 1798 id
1100 1723 1201 1826 quod
1231 1743 1348 1828 aperte

270 1848 529 1919 confiteor-
562 1845 651 1920 mihi
681 1847 823 1945 placent
849 1841 1087 1944 arridentque.
1153 1843 1208 1916 Ita
1252 1843 1348 1917 enim

271 1966 405 2066 optime
422 1967 583 2066 Augusto
609 1965 774 2038 adulatur
790 1965 967 2060 Velleius3
992 1964 1115 2036 multis
1139 1965 1235 2037 enim
1256 1965 1348 2038 mul·

270 2106 392 2159 torum
419 2085 695 2160 clarissimorum
717 2083 850 2157 ducum
875 2021 1030 2157 victdriis
1053 2084 1250 2158 numeratis
1267 2079 1347 2156 Gal·

270 2205 400 2284 liarum
427 2204 681 2278 debellatarum
706 2204 888 2278 mentione
913 2203 1058 2302 iniecta,
1085 2203 1178 2278 adde
1197 2203 1244 2298 ,0.
1264 2203 1348 2278 Cae·

174 2323 178 2332 ’
270 2325 356 2398 saris
376 2325 637 2423 fulgentissimo
654 2325 691 2397 in
712 2323 769 2398 his
789 2343 984 2424 conspecto
1007 2350 1116 2424 opere
1135 2325 1348 2398 collaudato:

178 2437 182 2446 ¹
270 2447 470 2547 aptissime,
500 2446 646 2546 opinor,
677 2444 840 2544 additur,
874 2443 1010 2517 Divum
1038 2447 1246 2543 Augustum
1276 2423 1363 2519 nou

270 2567 390 2638 solum
415 2585 450 2636 et
473 2564 591 2663 ipsum
615 2563 789 2662 plurimas
816 2583 935 2662 gentes
954 2562 1141 2660 devicisse,
1163 2565 1226 2638 sed
1246 2566 1347 2639 etiam

271 2685 400 2788 septies
428 2682 576 2756 eandem
605 2710 712 2784 quam
737 2704 875 2784 patrem
902 2685 1085 2786 pecuniae
1104 2713 1285 2762 summam
1310 2713 1348 2760 ex

191 2870 193 2878 ,
270 2805 344 2880 sola
365 2803 533 2906 Aegypto
558 2803 596 2882 in
624 2802 798 2876 aerarium
824 2805 1023 2880 contulisse.

306 3053 309 3064 Ι
368 2959 427 3038 De
458 2956 623 3033 latinitate
653 2957 749 3032 vocis
781 2960 882 3034 idem
925 2987 1009 3036 cum
1046 2976 1229 3064 quantum
1265 2987 1347 3036 con·

270 3078 410 3158 iunctae
434 3076 497 3178 qui
518 3107 603 3160 oum
620 3077 775 3162 Krausio
800 3075 965 3158 dubitent
991 3080 1182 3178 accedent,
1209 3083 1347 3184 opinor,
1373 3079 1376 3089 '

271 3198 361 3274 mihi
383 3225 426 3272 ex
450 3179 538 3278 ione
556 3198 627 3276 ‘illa
652 3201 754 3274 idem
776 3218 876 3301 notas
898 3201 1097 3280 numerales
1112 3203 1186 3282 VII
1209 3204 1346 3283 elicien-

270 3337 351 3389 tem.
409 3316 561 3390 Accedit
585 3339 624 3390 ut
645 3344 677 3392 v.
699 3320 797 3392 idem
822 3345 888 3419 per
911 3321 1054 3420 signum
1080 3323 1347 3424 diplomaticum

270 3436 380 3516 torilti
407 3437 524 3509 soleat.

280 3588 462 3676 Quod
480 3612 602 3670 autem
625 3592 749 3670 attica
775 3593 821 3672 ad
844 3595 1075 3731 parlioipium
1095 3601 1347 3695 perdomans,

269 3645 511 3790 incidimus
502 3741 538 3792 m
574 3711 670 3793 illud
711 3694 860 3812 propter
894 3716 1111 3796 vicinitatem
1156 3723 1347 3802 verborum

262 3832 463 3924 praenites
485 3851 519 3905 et
537 3857 657 3966 paene
682 3831 779 3912 idem
806 3861 837 3914 ..s
867 3834 990 3932 potius
1010 3863 1136 3931 paene
1157 3845 1247 3937 VII,
1269 3841 1346 3952 qui·

268 3949 335 4028 hus
369 3949 768 4034 vanissimarum
803 3951 893 4034 illud
920 3959 1184 4056 perdonatur,
1223 3960 1346 4046 nand·
1418 3979 1421 3992 '

270 4068 377 4148 sceris
404 4089 476 4150 tres
503 4097 608 4155 vocet
631 4071 724 4154 inter
746 4098 820 4152 sa
814 4072 916 4165 haud
939 4075 1137 4163 dissimiles
