2958 5038
291 489 437 566 100.

292 679 417 754 iactata
438 701 540 777 sunt,
565 679 684 755 denuo
701 680 746 754 ad
761 681 880 783 ipsum
893 678 1030 754 Tiberii
1049 677 1205 756 Neronis
1224 705 1368 772 nomen,
1451 698 1456 723 ¹

197 867 201 876 ,
293 797 394 904 quod
433 801 551 902 primo
587 803 631 876 ab
662 800 766 877 initio
797 801 954 904 positum
989 818 1074 894 crat,
1113 798 1213 900 quasi
1246 800 1369 876 reverti

292 920 520 1019 scripsorem.
574 918 820 1009 Quamobrem
846 919 893 994 ita
907 907 1164 995 'bunc-locum
1196 921 1233 993 in
1258 913 1370 1022 publi·

293 1069 376 1114 cum
407 1041 656 1118 emittendum»
668 1043 805 1142 putavi:

393 1165 544 1255 „Brevi
562 1167 757 1238 interiecto
783 1167 909 1262 spatio
930 1166 974 1240 Τ.
996 1137 1099 1244 Nero
1122 1163 1267 1236 duobus
1291 1187 1368 1235 con·
1456 1221 1457 1224 ,

281 1262 285 1274 ⁵
393 1283 577 1357 sulatibus
617 1279 848 1381 totidemque
883 1283 1088 1378 triumphis
1124 1285 1223 1374 actis
1237 1341 1241 1352 .
1257 1279 1368 1354 tribu·

391 1404 510 1476 nitiae
547 1405 757 1501 potestatis
792 1403 1030 1476 consortione
1071 1416 1258 1497 aequatus
1295 1401 1368 1476 Aa·
1454 1438 1458 1482 ῃ

382 1517 521 1620 ¹gusto,
548 1526 686 1597 ciuium
705 1537 796 1619 post
820 1547 954 1608 unum,
983 1515 1021 1592 'et
1044 1523 1135 1614 hoc,
1162 1523 1368 1618 quia-vole·
1457 1521 1458 1524 ’

374 1633 479 1735 bat,
508 1644 841 1735 eminentissimus,
868 1645 1006 1714 ducum
1030 1643 1237 1727 maximus,
1254 1643 1368 1740 sama

385 1765 630 1858 fortunaque
673 1761 958 1852 celeberrimus,
1008 1772 1047 1830 et
1084 1785 1171 1833 uere
1212 1761 1369 1833 alierum

376 1887 487 1982 reip.
513 1885 639 1954 lumen
661 1896 699 1953 et
720 1859 852 1978 caput,
879 1883 981 1954 mira
1004 1885 1175 1982 quadam
1195 1896 1233 1952 et
1257 1883 1369 1958 incre·
1459 1971 1460 1990 χ

395 2003 503 2077 dibile·
527 2017 643 2104 atque
674 2002 926 2075 inenarrabili
943 2003 1115 2098 pietate,
1144 2003 1249 2078 cuius
1270 2015 1370 2084 auus-

366 2139 461 2198 'sae
483 2152 571 2199 mox
591 2129 761 2197 detectae
780 2136 887 2215 sunt,
910 2147 993 2195 cum
1020 2123 1060 2193 0.
1086 2123 1232 2194 Caesar
1252 2147 1370 2217 sump·
1457 2159 1458 2172 κ

392 2249 504 2320 sisset
535 2247 616 2318 iam
644 2246 794 2318 uirilem
819 2257 969 2338 togam,
1001 2242 1147 2314 Lucius
1179 2243 1270 2313 item
1297 2267 1369 2313 mo·
1457 2223 1458 2226 Ἴ

393 2359 501 2440 turu's
518 2377 617 2438 esset
636 2367 722 2436 vir:
749 2376 812 2449 ts,
838 2364 1045 2457 n'esulgor
1064 2388 1154 2434 suus
1175 2343 1370 2434 orientium
1457 2403 1458 2414 κ

392 2489 571 2562 iuvenum
608 2484 779 2555 obstaret
792 2485 942 2570 initiis,
984 2483 1226 2586 dissimulata
1259 2505 1369 2554 cauca
1458 2569 1459 2572 Ἴ

394 2607 541 2679 consilii
566 2604 644 2689 sui,
675 2615 927 2674 commeatum
948 2601 998 2674 ab
1020 2625 1149 2674 socero
1175 2613 1293 2699 atque
1318 2625 1370 2672 ec·

395 2729 481 2798 dem
509 2724 644 2794 vitrico
671 2723 935 2817 acquiescendi
960 2749 986 2794 a
1015 2722 1298 2795 continuatione
1321 2723 1370 2793 la·

395 2845 527 2916 borum
542 2843 703 2937 petiit,“

293 2961 478 3068 Apodosis
505 2959 632 3059 incipit
652 2989 672 3032 a
696 2959 828 3035 verbis:
856 2963 910 3056 is,
935 2988 983 3035 ne
1003 2963 1146 3058 fulgor
1171 2987 1270 3034 suus.
1314 2955 1370 3032 Ti·

291 3088 383 3162 berii
414 3085 480 3159 sub
512 3109 690 3157 secessum
725 3079 831 3164 Gaius
862 3079 1070 3179 quindecim
1113 3107 1247 3175 annos,
1288 3077 1372 3154 duo·

294 3207 413 3283 decim
433 3203 568 3280 Lucius
589 3224 690 3276 natus
712 3201 818 3274 luisse
839 3201 999 3277 traditur.
1052 3202 1244 3300 Postquam
1267 3201 1372 3274 trien·

294 3327 356 3404 nio
397 3347 479 3427 post
524 3325 670 3398 fratrem
713 3321 846 3414 Lucius
896 3349 1041 3424 quoque
1077 3323 1216 3398 virilem
1255 3343 1371 3421 togam
1456 3361 1457 3426 3

294 3463 495 3547 sumpserat
528 3444 641 3541 (cum
670 3457 845 3515 maturus
877 3457 975 3515 esset
1005 3443 1112 3542 vir),
1161 3441 1370 3518 Tiberianae
1456 3441 1457 3452 ’

293 3562 591 3666 magnanimitatis
616 3583 741 3636 rumor
767 3564 924 3636 Romam
947 3565 1203 3662 perferebatur.
1457 3549 1458 3558 ἵ

395 3682 708 3786 Magnanimitatis,
729 3686 888 3782 iuquam,
913 3706 953 3758 ut
976 3714 1058 3758 cum
1071 3684 1214 3760 Velleio
1236 3687 1372 3786 loquar,

293 3809 395 3884 aliter
413 3805 583 3881 nimirum
597 3803 773 3877 Suetonio
793 3827 939 3880 auctore
960 3805 1122 3880 dicturus
1141 3832 1264 3880 essem.
1302 3803 1373 3892 Qui
1456 3887 1457 3892 η

292 3927 393 4026 (rib.
409 3928 467 4022 u)
491 3921 716 4020 „Transacto
732 3946 865 4021 autem,
891 3927 1026 4028 inquit,
1049 3926 1254 4000 tribunitiae
1275 3945 1372 4026 pote·

293 4050 390 4125 statis
419 4067 582 4148 tempore
610 4044 969 4144 consummandam,
997 4047 1089 4121 nihil
1114 4047 1213 4121 aliud
1236 4071 1372 4120 secessu

294 4167 504 4246 devitavisse
530 4195 586 4263 se,
613 4194 722 4270 quam
747 4167 996 4244 aemulationis
1024 4197 1108 4244 cum
1132 4168 1228 4244 Caio·
1244 4166 1373 4242 Lucio·

293 4315 364 4392 que
389 4288 646 4390 suspicionem,
670 4288 772 4390 petiit
792 4309 834 4364 ut
861 4287 929 4364 sibi
951 4331 999 4349 -
1019 4289 1298 4394 permitteretur,
1321 4311 1373 4365 re·
1454 4357 1455 4362 ,
