2958 5038
129 499 476 641 ¹⁵88.

313 727 364 798 At
399 750 536 821 nequeo
568 725 657 796 mihi
688 735 902 825 temperare,
956 727 1040 824 quin
1070 743 1107 794 et
1142 722 1293 796 verbum
1324 718 1376 790 ad·

314 843 397 914 dam
428 841 472 913 de
505 843 570 914 illo
598 841 754 939 Coponii
790 842 906 937 dicto,
951 840 1046 938 quod
1078 841 1155 913 aliis
1192 841 1276 914 VV.
1302 840 1376 911 DD.

313 963 446 1060 leporis
472 962 640 1060 plenum,
675 962 814 1059 Qrcllio
845 949 1102 1060 corrigendum
1122 957 1271 1035 videtur.
1305 957 1378 1030 Mea

313 1080 457 1180 quidem
490 1083 659 1178 opinione
699 1079 900 1181 Coponius,
943 1082 981 1154 in
1016 1080 1192 1155 Plancum
1233 1077 1377 1152 nefanda

284 1211 460 1283 'Antonii
493 1207 621 1307 flagitia
653 1232 725 1279 non
765 1206 839 1276 sine
870 1204 1050 1304 voluptate
1082 1201 1273 1299 multisque
1302 1225 1378 1270 cum

222 1422 225 1431 Ι
311 1332 425 1404 verbis
461 1349 703 1426 exsequentem
733 1325 813 1398 satis
838 1348 954 1395 amare
985 1320 1081 1392 haec·
1098 1320 1219 1392 iecisse
1241 1318 1377 1392 dicitur:

310 1451 449 1549 „Atqui
477 1449 652 1521 Antonius
683 1471 767 1543 ergo
799 1445 911 1515 multa
947 1457 1068 1514 tecum
1097 1439 1272 1512 commisit
1301 1440 1377 1510 faci-

311 1569 413 1640 nora!
441 1567 583 1666 egregio
611 1588 650 1636 tu
668 1564 880 1661 priusquam
903 1559 948 1634 ad
975 1583 1047 1632 nos*
1063 1558 1197 1631 redires
1219 1558 1377 1632 sodalitio

308 1713 392 1759 usus
436 1713 480 1759 es.
493 1692 515 1730 “
607 1683 820 1758 Offendebat
868 1682 905 1753 ui
954 1681 1059 1752 fallor
1115 1677 1376 1752 subtilissimum

310 1804 435 1877 Orellii
454 1805 627 1877 iudicium
642 1805 680 1875 in
698 1805 807 1897 verbo
835 1804 986 1897 „pridie
1014 1775 1164 1896 quam,“
1190 1798 1290 1899 quod
1304 1826 1376 1873 ver·

307 1925 395 1995 bum
415 1924 451 1996 h.
467 1926 490 1997 l.
512 1950 585 1996 non
612 1924 634 1996 i.
654 1941 704 1994 est
721 1949 753 2018 q.
778 1920 893 2020 pridie
916 1920 991 2026 eius
1008 1918 1077 1991 diei
1101 1946 1127 1993 s.
1152 1919 1217 2012 illo
1244 1917 1300 1991 die
1323 1921 1376 2018 qui

308 2045 496 2144 praecessit
519 2045 551 2117 ei
579 2071 649 2141 quo
674 2062 715 2114 tu
739 2019 840 2113 illum
862 2041 1094 2140 relinqueres,
1117 2037 1245 2112 sed-
1273 2040 1373 2138 signi·

308 2166 419 2237 ficalu
438 2167 583 2237 fortasse
608 2163 826 2236 inusitatiore
844 2206 895 2218 -
914 2162 1007 2235 valet
1015 2158 1032 2232 ι’
1050 2180 1130 2233 ante
1153 2187 1180 2234 s.
1201 2186 1314 2259 usque
1334 2157 1373 2230 ad

252 2377 256 2390 γ
309 2309 392 2356 eum
412 2284 509 2356 diem
527 2311 652 2380 quam;
670 2304 794 2380 aequat
803 2281 1065 2382 propemodum
1080 2280 1251 2354 adverbio
1256 2283 1373 2374 prius·

307 2430 430 2499 quam.
481 2404 677 2479 verterim:
702 2403 747 2478 Ja
769 2402 992 2500 wahrhaftig,
1016 2402 1198 2474 Antonius
1213 2398 1372 2484 hatvielo
1445 2397 1446 2410 ³

243 2601 246 2608 Ι
304 2512 465 2593 Stieiche
495 2521 674 2619 gemacht,
703 2521 757 2593 eh'
778 2511 845 2608 (bis
866 2521 930 2594 auf
946 2519 1014 2592 den
1035 2519 1202 2619 heutigen
1222 2519 1300 2618 Tag
1321 2518 1372 2610 dn)

246 2693 253 2700 .
308 2641 360 2708 du
383 2639 446 2710 ihn
473 2641 648 2713 verlassen
669 2617 795 2712 hasl!“
811 2684 859 2712 -.-
888 2641 1010 2740 Falsus
1036 2659 1087 2713 est
1108 2641 1270 2714 Goettius
1295 2667 1372 2740 pro·
1446 2711 1447 2716 ,

306 2752 391 2829 deus
421 2756 529 2830 haec:
578 2757 655 2851 „Ja
682 2757 895 2859 wahrhaftig
923 2758 989 2832 der
1019 2759 1194 2831 Antonius
1225 2758 1286 2832 hat
1311 2787 1371 2858 gar

304 2876 395 2948 viole
414 2877 534 2976 Dioge
560 2882 633 2949 den
658 2881 743 2974 Tag
766 2905 903 2973 aanor,
928 2881 996 2960 elie
1021 2876 1069 2951 du
1094 2878 1157 2952 ihn
1176 2878 1372 2973 verliessest,

203 3041 206 3056 ι
307 2997 469 3070 verubu‘

1105 3063 1115 3094 1

400 3115 516 3190 Pridie
533 3119 642 3218 igitur
667 3120 705 3194 h.
723 3123 747 3195 l.
770 3101 1371 3222 longius·tempussignificatq11am

302 3236 572 3332 praecedentem
594 3236 708 3334 diem;
735 3241 834 3313 cuius
856 3241 906 3312 rei
924 3243 1083 3340 quamvis
1101 3269 1217 3314 unum
1239 3231 1371 3315 tantum

303 3350 561 3430 documentum
595 3357 704 3458 idque
737 3386 780 3431 ex
806 3359 959 3458 Digestis
994 3363 1182 3461 repetitum
1218 3364 1370 3462 proferat

281 3467 544 3566 ⁷Forcellinus,
594 3498 711 3548 tamen
749 3477 839 3548 illud
884 3480 1042 3576 accipi0‚
1096 3509 1207 3579 quum
1237 3459 1368 3556 Velleio

302 3587 499 3664 Latinitatis
530 3597 651 3694 paullo
676 3599 818 3672 latiores
842 3602 931 3672 fines
962 3601 1208 3675 concedendas
1236 3603 1367 3676 ducam.

313 3721 319 3742 ’
404 3734 498 3809 Dico
530 3729 646 3811 autem
678 3739 765 3813 haec
799 3741 965 3813 Martiani
997 3741 1081 3840 Dig.
1117 3743 1178 3815 lib.
1198 3753 1255 3816 40.
1278 3745 1367 3840 Ιῑίιὸ

302 3853 370 3949 leg.
394 3880 436 3926 10
465 3853 568 3930 extu:
610 3860 715 3952 „Qui
744 3861 859 3968 pridie
885 3888 994 3961 quam
1015 3888 1059 3933 ex
1089 3859 1295 3968 testamen'to
1324 3861 1369 3934 ad

304 3971 502 4047 libertatem
530 3978 752 4075 perveniret,
780 3977 879 4050 idem
904 3981 983 4050 fieri
1008 4005 1128 4078 passus
1151 4001 1202 4052 est
1226 3981 1249 4053 i.
1271 4008 1297 4053 e.
1319 4023 1367 4034 -

301 4111 340 4161 ut
356 4089 548 4170 Foreellini
573 4098 689 4172 verbis
711 4118 788 4169 utar
808 4141 859 4154 -
883 4121 1076 4200 antequam
1098 4101 1305 4202 perveniret.
1369 4117 1372 4124 '
