2968 5046
1005 455 1007 462 ’
1176 511 1269 584 ts·

254 691 357 783 Quae
392 723 505 796 quum
538 698 585 768 ita
621 697 708 790 sint,
747 697 844 772 nulla
872 697 1037 796 amplius.
1059 697 1232 781 dubilatio

154 814 237 908 erit,
263 842 390 890 verum
415 843 489 890 esse
512 816 616 917 quod
646 818 748 890 nobis
769 819 804 890 in
824 839 989 892 'mentem
1010 799 1123 892 venit:

275 971 433 1056 „Cuius
465 986 608 1071 gratae
640 976 835 1069 religionis
864 975 1086 1046 memoriam
1112 984 1149 1043 et
1174 975 1229 1045 in·

275 1093 431 1186 scriptio
458 1096 589 1188 templi
611 1095 727 1188 affixo
740 1096 849 1189 posti
871 1093 1076 1188 hodieque,
1109 1106 1147 1180 ei
1172 1106 1229 1164 ta·

275 1209 362 1280 bulo
386 1224 547 1283 testatur
575 1217 614 1284 in
638 1241 732 1285 area
758 1217 919 1286 interna.

239 1383 353 1456 Areas
368 1361 474 1458 etiam
493 1388 589 1459 aulas
613 1413 697 1482 esse,
722 1406 757 1460 et
773 1386 945 1487 impluvia
957 1414 985 1460 s.
1000 1386 1078 1458 loca
1099 1407 1229 1484 aperta,

149 1500 187 1576 in
215 1503 342 1580 mediis
359 1533 569 1606 quoque-
589 1507 628 1580 id
651 1508 750 1608 quod
773 1497 1162 1608 probe'attendendum
1176 1550 1229 1564 -

151 1620 321 1696 aedificiis
352 1625 433 1719 sita,
470 1625 588 1706 edocti
614 1644 737 1700 sumus
764 1627 850 1699 locis
872 1625 1033 1719 duobus,
1068 1653 1159 1726 quos
1181 1626 1229 1700 ad

149 1740 291 1817 Vitruv.
317 1743 413 1820 LVI
439 1775 468 1819 c.
486 1745 539 1818 III
557 1774 587 1824 1.
624 1748 717 1820 inter
743 1748 828 1819 alios
853 1747 986 1819 multos
1014 1748 1130 1820 attulit
1160 1745 1228 1824 Vir

146 1861 183 1933 in
219 1864 340 1962 paucis
355 1865 523 1938 ,eruditus
552 1867 580 1940 I.
606 1868 649 1940 G.
680 1849 930 1940 Schneiderus.
989 1866 1081 1939 Sunt
1107 1888 1241 1958 autern

146 1981 205 2056 hi:
242 1987 387 2058 Festus
418 1985 464 2059 de
489 1987 576 2060 atrio
599 1989 646 2060 ita
671 1987 792 2060 tradit:
829 1988 976 2059 Atrium
1002 1988 1146 2085 proprie
1174 2008 1227 2059 est

146 2128 262 2201 genus
281 2104 432 2178 aedificii
451 2128 533 2179 ante
551 2105 674 2180 aedem
692 2109 880 2180 continens
896 2109 1064 2178 mediam
1081 2133 1227 2202 areum,

145 2223 182 2295 in
213 2251 320 2324 quam
354 2229 503 2300 collecta
534 2255 576 2300 ex
602 2223 703 2300 ouini
735 2249 829 2301 tecto
858 2229 976 2328 pluvia
1003 2224 1225 2299 descendit.“
1262 2281 1270 2322 3

100 2438 106 2453 ι
143 2343 200 2418 Et.
226 2373 261 2444 q.
281 2373 307 2420 s.
327 2390 378 2403 -
407 2346 510 2419 Alter
534 2369 586 2442 est
611 2348 714 2420 locus
742 2350 859 2419 Plinii
882 2343 1031 2418 iunioris
1060 2345 1152 2443 Epp.
1174 2343 1224 2437 II,

149 2489 202 2558 17.
222 2475 256 2537 4.
310 2463 438 2559 „Villa
459 2466 580 2540 usibus
614 2494 725 2566 capax
752 2483 1064 2564 non‘sumptuosa
1097 2463 1224 2536 tutela:

136 2583 246 2682 ¹cuius
275 2583 313 2656 in
331 2621 333 2628 v
349 2587 467 2686 prima
497 2601 597 2687 parte
632 2586 762 2660 atrium
789 2584 886 2683 frugi
918 2609 985 2656 nec
1007 2605 1123 2656 tamen
1148 2610 1223 2656 sor·
1354 2576 1361 2598 ’

142 2700 290 2775 didum:
309 2703 452 2780 'deinde
472 2708 648 2806 porticus
676 2705 713 2776 in
737 2704 771 2778 D
797 2704 918 2776 literae
952 2703 1224 2794 similitudinem

140 2821 397 2917 circumactae,
428 2806 571 2923 quibus!
585 2826 735 2926 parvula
755 2823 818 2897 sed
843 2823 965 2897 festiva
988 2852 1083 2896 oreo
1107 2827 1221 2895 inclu-

140 2945 266 3036 ditur,
292 2945 476 3044 egregium
501 2945 668 3021 adversus
695 2966 919 3046 tempestates
942 2947 1218 3046 receptaculum.

138 3061 202 3135 Est
228 3085 351 3137 contra
377 3064 515 3138 medias
540 3065 747 3140 cavaedium
768 3063 899 3136 hilare:
924 3090 1009 3150 mox
1024 3063 1221 3156 triclinium

137 3183 220 3256 satis
243 3184 436 3287 pulchrum
461 3184 562 3284 quod
585 3186 621 3259 iu
648 3186 745 3258 littus
773 3184 958 3258 excurrit.“
1047 3231 1071 3286 .'
1129 3269 1130 3276 ἵ
1202 3164 1205 3169 ¹

239 3337 289 3422 At
320 3339 463 3439 templis
504 3367 649 3440 quoque
683 3341 719 3412 in
756 3322 885 3412 mediis
926 3337 1220 3410 construebantur
1280 3355 1305 3427 ³,

137 3483 266 3552 oreae.
315 3456 517 3538 Audiamus
548 3460 642 3531 enim
667 3459 755 3531 haec
780 3458 957 3531 Vitruvii:

237 3577 438 3678 „Dipteros
469 3598 588 3670 autem
626 3575 813 3679 octastylos
846 3597 880 3648 et
911 3601 1050 3675 pronao
1088 3594 1123 3647 et
1153 3600 1219 3676 po·

136 3695 246 3788 sticO,
281 3694 345 3767 sed
381 3697 475 3769 circa
503 3696 628 3768 aedem
666 3697 829 3795 duplices
857 3695 965 3768 habet
992 3693 1134 3768 ordines
1160 3720 1219 3790 co·

25 3797 26 3802 ἵ
132 3807 368 3910 Ἰυιηηειηιιω
404 3818 456 3902 uti
492 3839 543 3890 est
576 3816 679 3891 aedes
705 3814 853 3903 Quirini
877 3816 1017 3888 Dorica.
1039 3834 1073 3886 et
1098 3812 1218 3911 Ephe·

25 3923 26 3930 i
134 3937 206 4009 siae
230 3938 388 4009 Dionae
414 3937 540 4011 Jonica
568 3965 588 4010 a
610 3937 877 4036 Chersiphrone
904 3935 1105 4012 constituta·
1140 3932 1229 4032 Hy··

133 4055 302 4156 paethros
335 4083 421 4132 vero
460 4056 658 4158 decastylos
691 4079 741 4130 est
767 4058 804 4129 in
830 4083 969 4156 pronao
999 4075 1033 4126 et
1058 4037 1217 4152 postico:

132 4175 271 4276 reliqua
299 4179 419 4250 omnia
444 4177 570 4252 eadem
597 4178 705 4251 habet
731 4201 821 4278 quae
851 4174 1033 4277 dipteros,
1070 4173 1133 4248 sed
1160 4175 1215 4249 in·
1299 4205 1303 4212 ·

129 4295 260 4372 teriore
294 4320 394 4396 parte
430 4300 615 4373 columnas
642 4301 680 4372 in
717 4296 906 4391 altitudine
939 4297 1120 4399 duplices,
1160 4323 1214 4369 re·
