2958 5038
1143 481 1189 556 95

108 689 249 738 versam
284 667 477 766 imaginem
502 666 719 765 principatus
749 670 829 761 cius
858 667 970 740 oeulis
994 659 1214 766 animisque,

106 785 363 858 subiecimus.“
385 799 389 804 ’

210 905 334 978 Restat
355 927 394 978 ut
419 906 670 981 seutentiama
698 907 801 980 nobis
828 926 867 980 ut
886 905 1027 994 videtur
1053 927 1193 982 erutam·

106 1025 329 1124 explicemus
364 1045 400 1096 et
432 1025 461 1096 si
489 1049 560 1122 qua
591 1047 697 1122 opus·
715 1042 768 1097 est
794 1023 861 1123 pro
892 1026 1027 1099 viribus
1059 1032 1189 1103 confia-

106 1167 259 1218 mcmus.
320 1142 432 1230 Quod
464 1168 577 1243 quum
604 1142 640 1217 h.
664 1145 686 1215 1.
713 1143 872 1218 Velleius
906 1148 1067 1219 membra
1094 1150 1190 1221 attri-

104 1264 196 1334 buat
218 1263 325 1361 reip„
355 1287 504 1380 eamque
533 1283 575 1366 ut
598 1285 793 1360 personam
817 1261 986 1356 inducat,
1022 1270 1190 1344 membris
1273 1306 1276 1314 ·

105 1383 183 1454 eius
225 1382 382 1455 laceratis
408 1451 409 1458 ,
432 1383 576 1483 proprie
624 1381 814 1455 adhibetur
866 1410 949 1455 cura
988 1385 1051 1458 illa
1091 1390 1191 1486 quasi

104 1502 267 1597 medica3
295 1503 405 1604 idque
436 1528 480 1575 eo
509 1495 636 1576 melius
666 1503 767 1603 quod
790 1531 822 1577 v.
847 1503 941 1576 illud
971 1531 1063 1576 curo
1084 1509 1189 1580 etiam

105 1623 153 1696 de
180 1650 298 1695 rerum
330 1603 557 1722 publicolam
589 1609 842 1721 pelliculatione
877 1621 1042 1720 usitatum
1077 1627 1122 1699 sit
1156 1648 1191 1700 et

106 1725 305 1842 receptus.
371 1745 548 1842 exempto
577 1743 648 1818 sm
672 1745 804 1819 venes
836 1745 912 1818 ina:
959 1745 1045 1818 Mox
1080 1773 1191 1843 quum

105 1891 257 1937 omnem
276 1892 395 1938 curam
414 1866 484 1936 fata
501 1865 704 1956 vincerent3
729 1865 943 1962 quibuscum
965 1887 1191 1964 comparetur

105 1985 309 2076 Sallustius,
332 1984 395 2084 qui
415 1984 678 2081 ‚‚Magistnatus,
701 1983 827 2080 inquit,
843 2002 877 2056 et
893 1984 1042 2084 impetia
1058 2007 1191 2083 postre-

104 2131 169 2178 mo
206 2104 319 2176 omnis
356 2087 441 2176 cura
476 2131 598 2176 rerum
625 2105 866 2202 publicarum
944 2105 993 2176 Εἴ
1027 2104 1190 2203 inspiciat

105 2225 174 2324 qui
205 2225 301 2298 volet
333 2225 464 2310 lexim,
503 2252 591 2322 quae
623 2225 730 2296 ctiam
762 2224 864 2298 verbi
900 2229 1190 2300 coalescentibus

104 2343 313 2444 exemplum
339 2346 511 2444 praebent
539 2371 580 2422 ex
603 2344 719 2418 Plinio
751 2341 1000 2441 desumptum:

118 2445 123 2454 .
218 2520 239 2559 „
252 2456 389 2538 Citium
426 2469 579 2538 vulnere
611 2467 740 2561 aliquo
775 2467 969 2537 diductum
1001 2489 1076 2539 non
1104 2494 1189 2542 coa-

218 2588 360 2658 lescit.“
1140 2593 1144 2604 ‘

395 2951 645 3048 GAPU'!
673 2952 903 3048 mn.

535 3118 603 3172 vat
619 3118 663 3186 11,
680 3113 723 3170 so.
740 3115 766 3176 a.

193 3263 273 3340 „Ut
289 3301 330 3314 -
349 3288 445 3349 saepo
472 3271 656 3332 cmtmntelia
680 3271 775 3330 ctiam
798 3285 1008 3349 nonmtnqttam
1019 3266 1190 3348 poticulam

104 3367 251 3433 Bonwno
271 3371 444 3449 hesmona?
454 3373 617 3457 wado!
658 3379 709 3432 nb
728 3387 769 3448 pt.
787 3376 880 3450 ossa

105 3613 217 3721 Non
247 3671 321 3723 erat
348 3650 446 3747 quod
469 3651 541 3725 boc
561 3635 706 3753 quoque
729 3654 812 3726 loco
836 3651 1053 3725 Ruhnkenio
1076 3677 1188 3724 asson·
1228 3621 1230 3639 .

107 3769 240 3843 tiretur
270 3771 444 3854 Krausius
481 3800 595 3872 quum
634 3773 801 3846 facillima
843 3774 882 3846 in
924 3793 1070 3872 promtu
1102 3790 1191 3844 esset

107 3888 264 3963 medela.
307 3892 476 3964 Dircmtis
499 3892 593 3964 euim
611 3892 776 3967 vocabuli
798 3896 915 3966 etiam
929 3893 1069 3995 syllabis
1091 3891 1192 3964 ecce!

105 4011 237 4108 omnia
266 4011 448 4107 quadrant.
499 4010 599 4110 Lego
623 4011 746 4109 igitur:

162 4133 323 4227 „Saepe
348 4135 594 4217 consumtis,
622 4145 661 4205 et
682 4133 761 4204 iam
785 4153 1066 4225 nonnumquam
1084 4131 1191 4225 peri·

195 4254 320 4324 ouban
345 4255 519 4328 Romano
546 4256 752 4344 inferretur
778 4253 973 4346 imperio.“
