2968 5046
444 432 456 461 Ι

258 483 308 558 48

357 676 492 749 Rerum
519 703 538 746 a
565 673 604 751 C.
631 672 795 764 Caesare,
819 674 1022 748 libertatem
1048 649 1214 772 adeptos
1230 691 1347 771 gesta-

165 890 168 902 !
260 822 341 868 rum
370 820 454 866 enm
486 812 579 894 puto.
607 792 773 868 ordinem
798 787 929 888 fuisse,
957 815 997 868 ut
1026 794 1186 894 primum
1214 795 1347 892 piratas

259 915 356 988 eruci
391 913 559 1005 affixerit,
595 909 726 983 deinde
756 929 840 984 ver'o
874 913 967 1014 regis
1002 915 1224 1014 praefectum
1258 938 1345 1010 pro-

257 1013 372 1112 vineia
413 1036 547 1135 quippe
587 1061 696 1133 quarn
733 1032 858 1105 Iunius
901 1055 977 1105 tum
1017 1035 1194 1108 obtineret
1232 1059 1346 1132 expu-

162 1183 164 1190 ’
258 1156 349 1229 lesit
400 1156 496 1228 Suet.
529 1153 626 1226 Caes.
645 1159 676 1225 4.
704 1153 782 1245 „ab
809 1151 965 1247 Rhodo,
991 1153 1127 1254 inquit,
1159 1181 1233 1255 quo
1265 1181 1344 1253 per-

257 1265 586 1349 tenderat'transiit
619 1274 657 1344 in
680 1271 819 1346 Asiam:
855 1275 1062 1374 auxiliisque
1087 1275 1280 1348 contractis
1308 1295 1346 1347 et

256 1397 437 1496 praesecto
462 1392 555 1488 regis
576 1391 761 1494 provincia
787 1393 933 1492 expulso
957 1411 1123 1466 nutantes
1149 1421 1191 1466 ac
1215 1393 1344 1468 dubias

257 1517 411 1592 civitates
437 1511 582 1588 retinuit
612 1513 649 1583 in
673 1511 781 1584 fide.“
857 1512 950 1586 Mihi
985 1513 1112 1586 Iunius
1137 1536 1237 1587 metu
1258 1540 1344 1614 per·
1391 1607 1398 1616 ἢ

186 1621 189 1642 ’
228 1638 374 1722 venlsus
410 1636 634 1736 provinciam
664 1663 763 1708 suam
798 1630 979 1736 reliquisse
1012 1633 1161 1711 videtur.
1229 1635 1344 1710 Cuius

258 1756 403 1856 quidem
429 1777 556 1830 conata
579 1781 693 1854 quum
719 1775 753 1826 et
775 1755 933 1856 alioquin
956 1755 1094 1855 saepius
1114 1776 1193 1829 tum
1219 1755 1344 1855 piratis

259 1901 334 1950 non
361 1873 515 1948 venditis
544 1872 604 1948 sed
632 1875 761 1947 necatis
786 1901 846 1948 sua
874 1878 992 1949 solnm
1009 1877 1229 1950 auctoritate
1256 1904 1344 1951 usus

252 1995 354 2067 irrita
380 1995 467 2066 fecit
495 1993 630 2067 Caesar.
691 1993 823 2089 Vides,
856 2023 914 2070 nte
943 1999 1099 2096 primam
1126 1998 1253 2098 capitis
1277 2023 1343 2097 pe·

256 2113 399 2188 riodnm
424 2113 475 2187 sic
499 2113 635 2214 legere:

274 2233 276 2240 ’
362 2237 541 2331 Longum
572 2250 628 2307 est
656 2261 820 2308 narrare
849 2241 944 2334 quid
978 2251 1015 2308 et
1045 2241 1192 2344 quoties
1221 2267 1344 2312 ausus

363 2358 432 2442 sit,
462 2370 602 2451 quanto
631 2381 744 2452 opere
770 2373 908 2454 conata
934 2363 1026 2445 eius,
1056 2361 1121 2454 qui
1144 2345 1343 2432 obtinebat

362 2477 520 2564 Asiam,
567 2480 817 2572 magistratus
856 2483 898 2553 P.
943 2481 991 2553 R.
1026 2492 1132 2550 mota
1166 2504 1234 2552 suo
1273 2485 1341 2554 ‹Ie-
1371 2525 1378 2546 s

362 2593 538 2672 errauerit.
546 2607 572 2644 “

256 2713 392 2808 Motus,
408 2715 552 2814 opinor,
571 2714 593 2790 i.
611 2736 663 2789 est
678 2746 712 2818 q.
730 2719 920 2816 impulsus,
935 2717 1133 2804 instinctus,
1154 2739 1340 2793 nostrum:

253 2836 427 2910 Antrieb.
484 2835 567 2907 Huc
592 2837 697 2909 enim·
718 2839 848 2911 referre
867 2839 959 2946 ¹licet
988 2863 1110 2910 omnes
1132 2838 1233 2911 locos
1254 2841 1340 2942 qui-

252 2957 319 3030 bus
346 2970 473 3029 motus
497 2970 718 3055 pro·oestro
749 2956 887 3031 dictum
914 2959 993 3032 vult
1021 2957 1267 3053 Forcellinius.

520 3349 795 3468 ,ennon
836 3341 1046 3443 xxxa

577 3513 643 3567 vat
656 3514 695 3582 n,
713 3508 756 3567 te.
774 3508 854 3584 pat.
874 3512 915 3566 et.
927 3512 1011 3566 oren.

288 3725 291 3732 ,
333 3658 406 3734 „Id
419 3664 522 3742 qrun's
548 3683 589 3724 att
609 3676 738 3745 accepto
764 3665 881 3726 cenna
908 3663 1024 3725 ιδ’-Η
1048 3667 1111 3746 (rie)
1133 3667 1269 3746 senff,
1298 3681 1339 3734 nt

249 3766 440 3845 mama,
461 3767 493 3825 itt
509 3766 612 3827 ntedt'o
628 3765 865 3850 relinqtmmta.“
905 3775 957 3827 Ed.
975 3791 1017 3844 pr.
1033 3777 1119 3850 pas.
1192 3837 1198 3856 ι
1306 3833 1309 3840 ,

731 3913 842 3934 Ε

247 3990 434 4127 Egregie,
460 4051 500 4101 nt
526 4029 636 4122 solet,
671 4029 812 4130 Lipsius
834 4032 940 4106 scribi
974 4035 1075 4108 iubet
1110 4043 1332 4136 sexcenties,

247 4145 393 4220 Valerio
425 4148 584 4222 Maximo
620 4149 811 4252 Cassioque
845 4154 962 4226 Dione
996 4159 1198 4232 auctoribus
1232 4153 1333 4234 usus.

247 4262 414 4351 Quorum
453 4267 512 4342 hic
552 4271 675 4366 tradit,
723 4276 824 4350 omni
867 4302 947 4350 aere
985 4279 1126 4374 alieno,
1166 4309 1241 4383 quo
1275 4283 1334 4356 in·
