2958 5038
200 519 348 596 ,ὅδ’

381 710 452 786 Pro
495 709 642 804 ‚siccius
672 731 807 780 nomen
816 707 848 798 ,“
885 700 985 802 quod
1017 701 1210 776 Rhenanus
1241 704 1358 777 inter·

286 829 409 908 cidisse
445 847 562 928 putat,
610 825 776 927 equidem
809 823 944 898 malim:
993 825 1184 898 Ciceronis
1210 829 1358 897 nomen

286 946 396 1038 Quod
420 970 459 1019 ut
488 973 650 1021 censeam
674 944 833 1020 adducor
862 966 896 1016 et
916 970 1067 1016 numero
1097 944 1288 1034 orationis,
1322 963 1360 1016 et

174 1067 179 1082 ’
286 1065 514 1142 similitudine
554 1067 755 1139 literarum.'
828 1065 948 1138 Verba
995 1063 1185 1135 Ciceronis
1220 1089 1358 1135 nomen

289 1192 393 1283 cedet
420 1185 559 1287 plenius
594 1205 723 1258 sonant
753 1203 905 1282 suntque
936 1197 1111 1282 praeterea
1144 1181 1359 1254 concinnius

288 1304 397 1398 dicta,
436 1323 556 1404 utpote
597 1302 842 1403 respondentia
872 1301 943 1373 illis
979 1303 1169 1372 Ciceronis
1201 1304 1358 1374 landem

287 1427 434 1516 trahet5
457 1423 662 1523 faciliusque
691 1450 798 1522 quam
822 1419 902 1493 illa:
937 1421 1075 1514 ‚huius
1097 1424 1257 1492 nomen“
1290 1445 1358 1519 po·

285 1563 428 1619 tuerunt
473 1570 554 1615 cum
592 1542 657 1613 illo
691 1593 717 1628 „
728 1541 921 1614 himinum
931 1550 957 1584 “
994 1539 1142 1638 prop'ter
1180 1536 1358 1613 ductuum
1474 1517 1475 1554 r

286 1651 549 1740 similitudinem
575 1645 745 1732 cdnfimdi
766 1659 882 1758 itaque
909 1658 1033 1732 omitti.
1182 1649 1184 1656 ¹

369 1797 610 1876 Scribendnm
636 1798 760 1897 igitur:
865 1783 871 1808 ⁹

393 1979 419 2014 „
434 1926 625 2023 Citiusqne
650 1928 828 1996 emunda
849 1949 971 2018 genos
990 1926 1203 2014 nominum,
1241 1902 1359 2024 ¹quom

434 2047 624 2118 Ciceronis
646 2068 781 2115 nomen
806 2044 948 2113 cedet.“

286 2184 447 2262 Fortasse
470 2183 574 2258 etiam
594 2180 688 2254 illud
711 2184 725 2251 i
744 2181 814 2276 (in)
830 2179 904 2250 sive
928 2180 1033 2279 plane
1057 2207 1130 2254 non
1156 2200 1207 2254 est
1230 2210 1251 2253 a
1269 2155 1360 2256 Vel·

287 2304 348 2378 leii
372 2329 481 2376 manu
505 2303 702 2400 profectum
725 2297 861 2402 sivein
884 2325 928 2369 ex
954 2298 1169 2397 augendum.

364 2423 485 2516 Verba
509 2461 624 2514 autem
644 2439 704 2511 illt
725 2419 926 2510 Ciceronis
939 2455 1072 2512 nomen
1087 2460 1233 2540 propter
1256 2469 1359 2542 prae·

287 2559 490 2638 cedentium
513 2562 636 2637 vocab.
662 2555 927 2640 similitudinem
954 2557 1224 2634 interciderunt.

506 2987 508 2998 ’
577 2977 822 3100 carus
864 2974 1060 3072 ηπ

657 3135 831 3210 vetites.
856 3139 879 3204 s.
894 3137 981 3198 ιω.
1067 3189 1072 3202 ,

768 3271 877 3288 Γ-...η

290 3384 466 3493 Primum
494 3420 660 3520 equidem
673 3425 719 3497 in
739 3424 853 3523 prima
881 3411 1001 3523 capitis
1027 3427 1246 3526 paragrapho
1275 3431 1358 3501 reti·

280 3537 429 3611 'nuerim
460 3539 556 3636 quod
583 3542 620 3611 in
639 3541 777 3614 ’codice
802 3543 966 3631 exstitisse
996 3567 1217 3644 compertum
1245 3546 1355 3618 habe·

254 3761 258 3766 ¹
292 3682 387 3732 mus:
413 3656 709 3753 „Africaque‘fi
734 3657 849 3731 Tanto
871 3679 1072 3754 transcursu
1094 3669 1150 3755 (nt
1165 3664 1354 3738 Velleiano

293 3796 372 3848 utar
401 3776 550 3874 verbo)
573 3775 702 3848 dicenti
733 3779 814 3851 vitia
853 3799 1052 3876 temporum
1088 3790 1214 3878 partini
1249 3809 1354 3855 accu-

293 3915 367 3968 rate
392 3892 620 3968 definitorum
646 3897 747 3968 lacilc
778 3897 1030 3976 condonantur.
1048 3903 1052 3918 “
1070 3901 1240 4000 Idemque
1263 3901 1353 3972 infra

294 4010 356 4104 (id
386 4009 485 4110 quod
523 4013 596 4110 ipse
627 4015 1050 4112 monuitliuhnlteniua)
1082 4039 1220 4124 tempus
1249 4021 1355 4092 'resti-

293 4131 435 4203 tutionis
473 4131 631 4230 Pompeii
657 4153 705 4203 et
738 4135 976 4231 praefecturae
1015 4136 1082 4236 ipsi
1120 4137 1354 4220 demandatae

294 4273 368 4326 non
399 4250 478 4325 satis
506 4250 720 4350 distinguere
751 4252 899 4332 videtur.
958 4256 1006 4330 At
1032 4257 1234 4334 memineris
1260 4283 1353 4357 quse
