2968 5046
280 442 369 524 28'

281 673 389 746 quam
417 667 453 721 et
484 648 598 747 ipsam
630 585 828 723 distortam.
848 631 1027 744 quandani
1062 644 1251 762 formaque
1282 641 1359 714 du-

279 767 383 868 plicis
404 767 527 840 literae
553 794 594 840 cc
630 796 702 874 non
733 769 883 843 absimili
913 767 1020 840 fnisse
1055 783 1215 857 constat,
1258 761 1362 835 facili
1457 801 1461 815 ι

280 913 400 962 errore
431 889 620 961 confusum
659 911 728 984 est3
774 887 1037 964 succedente
1027 911 1174 1000 insuper
1207 886 1364 960 litera'
1345 915 1361 958 ι
1455 932 1464 1025 t

280 1006 376 1084 vocis
404 1009 501 1100 iam,
528 1033 680 1104 quacum
705 1009 848 1106 signum
872 1005 965 1081 illud
991 995 1170 1080 coaluerit.

377 1197 519 1272 Puncto
554 1196 682 1271 deinde
712 1198 842 1299 prioris
874 1200 1046 1273 literae
1030 1225 1046 1276 t.
1084 1197 1121 1270 in
1152 1222 1232 1280 voc.
1265 1195 1362 1268 aliis

282 1343 451 1412 cumea,
484 1316 542 1388 cui
569 1315 796 1416 impendebat
823 1319 919 1392 linea
954 1339 1049 1393 recta
1082 1315 1264 1415 scriptoris
1299 1313 1361 1386 in-

281 1439 378 1513 curia
416 1437 630 1528 coniuncto,
667 1465 838 1536 parumve
870 1441 913 1511 ab
940 1439 1001 1511 illa
1030 1437 1185 1510 distento
1203 1431 1360 1508 'iactum

280 1580 350 1652 est,
375 1577 416 1630 ut
439 1555 574 1629 illud
558 1572 694 1656 sprot
717 1573 903 1657 acceptum
925 1559 1104 1633 vocabulo
1128 1559 1258 1629 maltis
1282 1555 1360 1628 ori·

279 1679 400 1778 gintun
433 1674 548 1769 daret3
588 1675 687 1776 quod
722 1703 788 1786 pro
824 1705 888 1752 mu
889 1675 953 1752 Iria
989 1680 1124 1752 lectum
1163 1701 1237 1796 esse
1273 1676 1361 1748 satis

221 1807 223 1812 ’
280 1798 385 1872 facile
410 1794 630 1934 intelligitur.

376 1996 438 2074 Ad
462 1983 670 2074 sententiani
691 2001 764 2075 loci
784 2000 881 2102 quod
910 2001 1051 2094 attinet,
1082 2022 1219 2102 praesto
1247 2001 1360 2074 estin

280 2139 366 2197 orat.
381 2148 470 2223 quae
486 2149 583 2195 nuuc
593 2120 797 2194 inscribitur
819 2122 900 2215 „De
918 2122 1068 2221 imperio
1079 2120 1146 2194 Cn.
1156 2119 1359 2222 Pompeii.“

278 2243 424 2320 Cicero:
451 2278 497 2298 -—·
516 2284 562 2298 -
584 2262 719 2334 omues,
750 2240 813 2341 qui
832 2219 967 2341 ubique
983 2239 1180 2340 praedones
1195 2223 1357 2326 luerunt,

279 2364 409 2464 partim
428 2361 529 2462 'capti
557 2360 803 2460 interfectique
830 2382 932 2456 sunt,
960 2362 1089 2462 partim
1115 2359 1222 2434 unius
1246 2357 1359 2432 huius

277 2482 429 2583 imperio
463 2501 497 2555 et
539 2480 701 2579 potestati
738 2505 774 2551 se
807 2477 1055 2554 dediderunt.“
1127 2476 1360 2566 Quibuscum

279 2598 496 2680 conferenda
524 2620 605 2671 sunt
631 2598 890 2698 praecedentia.
928 2597 1081 2700 'Neque
1116 2626 1202 2673 vero
1238 2600 1359 2698 negli-

277 2716 396 2820 genda
432 2739 483 2790 est
523 2717 681 2818 Appiani
712 2718 886 2812 narrati0,
938 2739 1062 2818 utpote
1099 2741 1133 2792 et
1168 2721 1361 2793 accuratis·

278 2840 366 2913 sima
383 2859 417 2924 et
431 2839 474 2910 ab
490 2836 531 2910 iis
548 2865 639 2940 quae
658 2837 881 2934 tradiderunt
897 2838 1035 2928 Florus,
1054 2837 1230 2933 Velleius,
1256 2838 1361 2914 Plut-

277 2958 405 3034 archus
429 2960 583 3032 multum
607 2957 784 3078 differens.
826 2989 830 2998 ’

400 3191 499 3305 quibus
532 3233 652 3287 lorinus
684 3250 739 3286 non
773 3237 919 3304 suppetant
951 3233 1058 3288 maiore
1095 3231 1229 3288 eiusmodi
1259 3250 1352 3304 opos-s

400 3339 524 3406 Quorum
538 3351 637 3390 cauum
655 3337 792 3410 asenberc
810 3336 887 3390 iuvet
906 3335 1064 3438 houptine
1082 3335 1210 3390 titnlnma
1242 3337 1363 3394 Miscel-

400 3438 498 3492 lsneen
511 3439 594 3493 meist
609 3441 838 3509 diplomatischcn
853 3442 970 3496 Inbelte.
1004 3441 1164 3496 Beurbcltet
1176 3458 1231 3496 von
1242 3441 1363 3499 nonsart

400 3543 536 3597 Menneu.
578 3545 845 3618 Nr'rrnbsrg.1795.
916 3597 921 3605 .

1459 1076 1464 1141 l
