2958 5038
1154 527 1206 602 85*

126 706 275 806 pissime
303 707 348 780 sit
375 699 494 804 bium,
530 712 663 784 factum
687 732 738 784 est
760 711 1016 812 lepidissimum
1041 715 1135 790 illud
1158 721 1201 789 li·

127 827 243 900 bium.
308 826 447 901 Literae
464 823 467 829 ’
482 830 651 903 nimirum
684 835 802 904 leti
832 836 1024 908 sexcenties
1058 855 1201 936 permu·
1273 863 1307 920 ,¹

125 963 258 1020 tantur.
325 939 466 1022 Deinde
505 950 690 1024 literarum
727 950 855 1025 ductus
893 972 929 1025 et
966 955 1024 1027 itta
1039 985 1045 1000 ·
1062 959 1201 1055 saepius

64 1159 68 1162 -
125 1071 236 1164 (puta
259 1067 392 1158 series)
425 1070 570 1166 repetita
584 1071 641 1148 alit.
667 1071 738 1142 iin
760 1073 876 1144 verbis
898 1075 1050 1148 Libium
1075 1079 1115 1148 in
1141 1081 1202 1149 Si·

32 1270 36 1282 ·
78 1279 83 1284 ι
114 1189 219 1258 eilia
240 1206 390 1284 propter
403 1189 538 1260 formae
558 1189 822 1263 similitudinem
842 1193 944 1265 facile
966 1195 1082 1291 potuit
1103 1223 1201 1268 caus·

123 1333 204 1379 sam
234 1308 402 1405 praebere
437 1308 652 1382 omittendae
690 1311 806 1404 vocis,
843 1340 951 1411 quam
982 1312 1200 1388 intercidisse

117 1427 358 1519 coniicimus,
377 1430 536 1522 finivit,
560 1449 600 1500 ut
623 1431 796 1526 scriptum
816 1432 938 1504 fuerit:

238 1600 264 1634 ‚,
281 1549 368 1637 Qua
398 1562 544 1620 aestate
573 1550 717 1620 Caesar
748 1564 829 1621 tam
851 1577 1037 1648 prospere
1066 1554 1201 1652 bellum

212 1685 214 1696 '
225 1670 361 1760 finivit
386 1673 425 1740 in
446 1670 620 1740 Sicilin.“

128 1786 232 1894 Quae
262 1767 488 1886 sequentibus
528 1787 706 1860 afferenda
745 1789 790 1861 sit
830 1789 967 1864 medela
1013 1793 1200 1890 nescimus,

127 1907 296 2008 suspicati
324 1911 433 2003 oiim,
473 1909 701 1982 inserendum
731 1935 803 1984 esse
848 1914 967 1985 vocab.
995 1917 1136 2006 minus,
1161 1933 1202 1985 ut
1263 1927 1273 1938 “

125 2029 362 2102 scriberetur:
1142 2029 1144 2037 '

238 2153 407 2237 „Minus
447 2151 537 2240 bene
561 2155 728 2244 fortuna
765 2153 806 2223 in
852 2154 1017 2223 Caesare
1050 2155 1100 2224 et'
1117 2179 1201 2249 rep.

154 2357 156 2364 Α
238 2267 421 2340 militavit
445 2273 500 2339 ad
530 2271 731 2342 Orientem.

127 2386 243 2462 Simili
270 2384 406 2460 ratione
431 2388 501 2461 alio
525 2413 666 2486 quoqne
693 2387 773 2460 loco
790 2387 988 2486 respublica
1014 2415 1098 2460 cum
1113 2387 1200 2462 Cae·

125 2533 205 2578 sare
229 2507 421 2579 coniuncta
450 2527 758 2580 commemoratur.
833 2505 984 2577 Sensum
1007 2505 1106 2578 bunc
1127 2533 1202 2584 esse

126 2629 420 2726 argumentabar:
453 2624 539 2696 dum
563 2624 689 2697 Caesar
727 2626 802 2725 ipse
827 2641 1009 2726 prospere
1024 2623 1100 2698 rem
1124 2653 1202 2724 ges·

127 2746 217 2818 serit
250 2743 297 2816 nd
331 2741 585 2837 Occidentem,
620 2745 815 2816 Fortunam
847 2743 892 2817 ad
922 2744 1105 2819 Orientem
1137 2746 1203 2824 mi,-

125 2893 198 2938 nus
222 2864 345 2938 favisse
371 2863 459 2962 reip.
505 2889 507 2898 ·
528 2841 637 2959 Atqui
658 2864 729 2934 iam
753 2881 788 2936 et
809 2862 908 2935 hunc
932 2864 1033 2936 nobis
1059 2863 1200 2959 (qualis-

127 2985 275 3081 cunque
311 2983 399 3076 erat)
434 2962 635 3079 respectum
671 2979 804 3054 ademit
842 2980 1107 3081 propemodum
1144 2982 1202 3053 ab·

124 3103 305 3200 sciditque
325 3101 405 3175 cod.
416 3100 730 3194 Amet-hamanus,
749 3101 913 3176 voculam
927 3105 1007 3194 Bet,
1023 3128 1095 3175 non
1114 3102 1204 3173 bene

124 3225 315 3324 praebens.
371 3205 501 3305 'Quare
527 3218 614 3318 qnid
634 3218 759 3292 faciam
786 3218 937 3312 haereo,
964 3220 1029 3291 nisi
1056 3221 1084 3291 si
1113 3221 1210 3326 forte⁴

124 3343 260 3442 probes
283 3340 388 3412 haec:
419 3341 544 3431 „bona
565 3338 708 3409 fortuna
733 3338 772 3432 (s.
791 3335 877 3408 belli
898 3338 1058 3432 fortuna)
1082 3358 1205 3411 contra

118 3461 317 3538 ⁴Caesarem
344 3480 377 3532 et
401 3484 514 3555 remp.
536 3447 696 3531 militavit
711 3455 999 3537 ,ad=Orientem.“
1048 3456 1135 3532 vid.
1154 3476 1204 3530 ta·

124 3581 282 3674 bellam,
311 3606 354 3654 ex
379 3607 448 3678 qua
474 3567 521 3652 bd
534 3596 591 3678 est
615 3579 723 3651 bona.
783 3575 875 3684 Cic:
905 3579 1018 3666 Bona
1034 3579 1204 3668 fortuna

85 3759 88 3767 .
128 3701 255 3774 bellif‘
269 3689 331 3759 Ι---
364 3698 505 3787 Quodsi
525 3724 649 3771 verum
669 3711 720 3770 eet
742 3697 780 3768 in
801 3697 899 3797 quod
925 3697 1127 3770 coniectura
1150 3697 1216 3774 in-‚

128 3820 204 3894 cidi
229 3819 355 3894 edicet
387 3818 506 3911 bona,
530 3815 638 3889 habes
660 3814 720 3888 hic
747 3815 930 3913 epitheton
955 3811 1054 3910 quod
1077 3811 1210 3886 dicitur-

128 3969 274 4020 ornans.
