2958 5038
614 759 864 854 ΗΜ
896 761 1036 854 m

714 921 934 992 wuut

293 1148 590 1274 Historicoruru‚
628 1188 777 1286 opinor,
814 1189 960 1266 interest
997 1193 1176 1295 inquirere
1211 1199 1249 1272 iu
1287 1228 1368 1275 eam

292 1333 379 1404 quae
398 1297 526 1380 Velleii
551 1310 769 1408 temporibus
790 1311 896 1384 fuerit
927 1318 1096 1409 equestris
1117 1315 1255 1392 ordinis
1278 1347 1367 1396 con·

290 1426 471 1500 ditionem.
527 1427 678 1530 Duobus
696 1430 799 1501 *enim
828 1425 916 1504 lacis
949 1432 1037 1507 mihi
1063 1437 1142 1508 satis
1174 1441 1295 1534 clare,
1327 1466 1368 1516 nt

289 1546 368 1639 hic,
397 1547 660 1620 bbacuriceima
682 1551 794 1623 initia
823 1577 907 1622 cum
935 1555 1086 1652 equestri
1111 1557 1239 1632 ordine
1265 1589 1366 1636 eom-

196 1657 203 1668 ’
289 1666 378 1762 poni
406 1665 577 1740 videntur.
639 1663 733 1739 Dico
764 1688 882 1741 autem
908 1669 977 1744 hos
1008 1673 1122 1749 locos:
1158 1679 1214 1773 Il,
1242 1684 1299 1758 88.
1334 1710 1365 1758 rt

288 1811 324 1882 p.
347 1788 428 1856 564.
502 1784 691 1858 Maecenas
725 1790 877 1885 equestri
914 1797 983 1865 ced
1012 1795 1214 1904 splepdido
1233 1828 1365 1900 genere

290 1902 744 2003 ortus311,127.p.485
796 1907 871 1981 Sub
896 1909 953 1984 hia
982 1917 1233 2014 ειι(ιιιιρΙιέ---Ι
1262 1923 1364 1996 Seia·

287 2050 445 2097 num·-
398 2024 631 2123 a-·principc
657 2029 824 2128 equestris
850 2029 985 2108 ordinis
1009 2055 1110 2133 patre
1136 2058 1271 2114 natum
1315 2043 1363 2116 Et

286 2129 511 2243 temperetur
539 2166 654 2218 totum
678 2145 769 2219 illud
792 2169 906 2286 caput.

385 2299 550 2404 Quorum
568 2298 731 2370 locorum
751 2315 889 2373 memor
909 2303 967 2378 vix
988 2307 1099 2380 miror
1123 2309 1233 2405 illud,
1259 2314 1363 2413 quod

287 2417 355 2520 ipsi
343 2395 568 2496 Niebulrrio
589 2420 837 2518 scrupulum
827 2421 959 2498 reiecit.
1013 2424 1157 2528 Quippe
1173 2431 1361 2508 Velleium

252 2543 255 2556 '
284 2535 441 2607 Marium
464 2560 580 2632 quem
606 2535 713 2608 tradit
744 2540 897 2638 equestri
927 2541 1008 2615 loco
1042 2567 1164 2620 natum
1201 2552 1361 2626 eundem

284 2655 426 2750 ignotae
447 2655 592 2752 originis
610 2656 724 2728 virum
739 2657 931 2756 'appellare
975 2662 1167 2765 Praecipue
1182 2675 1252 2742 aed
1266 2672 1361 2747 illud

285 2773 364 2846 satis
390 2771 545 2848 declarat
565 2801 637 2874 quo
663 2801 766 2848 sensu
791 2771 943 2852 Mariurri
960 2782 1107 2880 'ignotae
1132 2789 1279 2888 originis
1306 2794 1361 2867 vi-

287 2919 365 2966 rum
394 2891 610 2992 perhibuerit
632 2894 797 2970 Velleius.

619 3283 870 3376 CAPUT
908 3288 1013 3382 ΙΝ.

705 3445 772 3500 Vell.
788 3447 825 3516 11,
853 3443 898 3501 78.
923 3449 946 3504 l.

764 3573 861 3598 :a

1007 3635 1038 3684 ὅ.

284 3671 453 3780 Velleius
474 3706 535 3782 hic
549 3710 724 3784 vocabulo
744 3718 941 3786 momentis
963 3713 1090 3794 eedem
1109 3749 1218 3798 censu
1241 3729 1355 3806 utitur

198 3869 200 3874 ·
284 3853 357 3926 quo
379 3851 486 3924 supra
511 3829 533 3899 l.
553 3827 583 3922 I,
601 3833 657 3902 δι.
690 3829 789 3902 dixit:
818 3832 997 3925 „Graecia
1022 3843 1161 3940 magnis
1183 3873 1356 3926 concussa

282 3968 334 4018 est
361 3948 570 4042 motibue3“
609 3976 715 4046 quem
741 3950 857 4048 ipsum
884 3955 1006 4027 locum
1039 3987 1153 4059 quum
1186 3969 1355 4046 excitaret

280 4067 475 4162 Kreusiua,
511 4095 585 4142 non
618 4091 694 4142 erat
728 4069 825 4166 quod
852 4071 1110 4156 Ruhnkenium
1141 4085 1280 4162 nodum
1313 4092 1354 4166 in

279 4186 398 4292 scirpo
424 4209 651 4288 quaerentem
671 4212 891 4287 sequeretur,
912 4202 1117 4294 praesertim
1144 4231 1256 4304 quum
1283 4209 1355 4286 nisi
