2958 5038
379 913 384 918 ’
442 897 692 1002 oum
739 916 920 1008 mr.

467 1070 906 1148 v211.u‚es.o.p.1otetorot

33 1303 35 1316 Ι
153 1271 156 1276 .
229 1221 392 1306 „Fuitqoe
411 1228 443 1286 in
465 1228 614 1304 cortfesso,
634 1229 749 1320 milites
769 1233 878 1310 optimi
894 1233 1107 1312 tuperatmts,
1130 1235 1221 1315 intpe-

63 1391 72 1412 „
119 1336 281 1386 ¹retorem
297 1328 491 1410 fttqaet'sst‘mi
512 1329 619 1392 militie
639 1332 777 1408 fitottrtm
801 1335 904 1411 officio
930 1332 1157 1397 uideturne
1181 1358 1222 1398 att
1313 1331 1316 1344 ⁸

147 1425 337 1508 Cleopatrae
365 1430 495 1492 arbitrio
517 1434 679 1494 victoriam
703 1445 927 1514 ternperottmts
951 1439 1060 1514 fuerat
1065 1481 1077 1511 ‚
1104 1442 1158 1520 qui
1178 1440 1223 1501 od

142 1531 393 1594 euerarbirrtum
413 1535 534 1595 direxit
551 1536 693 1616 ᾔιιςμιπηέζ
733 1544 844 1631 Edrpr.
867 1562 893 1614 p.
902 1543 951 1604 48.

627 1680 733 1726 ‘'²²²²-

141 1775 234 1882 Ad¹
257 1811 358 1887 hunc
390 1814 513 1887 locum
552 1814 739 1888 Burerius:
779 1815 901 1910 „Mihi
932 1801 1054 1894 inelius
1088 1823 1219 1923 placet>

140 1953 184 2003 ut
208 1933 376 2030 legatur:
403 1947 445 2005 ut
471 1935 617 2005 dubites
642 1960 758 2006 suone
782 1962 834 2007 art
864 1941 1090 2037 Cleopatrae
1118 1945 1219 2052 arbi·

140 2055 218 2123 trio
245 2046 307 2143 dre.
313 2063 339 2098 “

239 2193 291 2265 At
333 2192 512 2290 exemplar
550 2193 766 2268 Amerbach.
802 2197 928 2270 omissa
969 2225 1057 2273 voce
1097 2203 1217 2297 officio

139 2310 254 2384 haec
263 2311 386 2386 habet:
412 2316 595 2404 sunctum
626 2315 810 2387 videbites
831 2343 877 2387 rte
902 2344 1022 2388 an·-
1061 2324 1117 2390 ad
1139 2323 1239 2392 eius‘

130 2437 282 2529 fugam
305 2434 506 2505 arbitrium
530 2437 669 2506 direxit
681 2436 838 2530 fugam.

138 2720 256 2769 novae
293 2691 621 2791 comprehensionis
650 2697 693 2766 ab
724 2695 823 2766 initio
850 2695 1005 2794 positum
1045 2699 1216 2770 Dubites.

139 2815 276 2889 Melius
302 2835 397 2887 certo
422 2814 629 2911 elegantiori
654 2815 819 2886 orationis
838 2816 1007 2887 transitui
1030 2817 1217 2891 inserviret
1311 2827 1323 2898 J

139 2909 348 3010 coniunctio
374 2948 416 3005 ut
450 2960 519 3030 qua
554 2962 638 3005 cum
666 2933 954 3008 antecedentibus
985 2936 1216 3033 iungerentur

137 3053 334 3154 sequentia.
398 3051 523 3152 ltaque
560 3081 644 3126 cum
683 3053 830 3126 Burerio
867 3053 1097 3126 scribendum
1130 3081 1215 3130 con·

136 3176 297 3249 iicimus:
332 3186 373 3244 ut
399 3171 554 3247 dubites.
614 3172 758 3244 Etenim
780 3171 831 3242 uti
859 3169 894 3243 h.
918 3173 943 3243 l.
971 3199 1014 3244 ex
1033 3171 1215 3246 uidebites

138 3309 192 3370 ut
209 3294 371 3384 dubites,
397 3292 446 3364 ita
467 3318 576 3388 supra
599 3315 642 3362 ex
664 3290 854 3364 uirebatnr
877 3291 1038 3363 omnium
1061 3317 1104 3364 ex
1129 3319 1214 3366 con·

134 3439 248 3488 sensu
270 3414 403 3485 factum
429 3428 481 3482 est
504 3423 579 3502 „ut
603 3412 781 3482 rebatur.“

247 3557 419 3649 Officium
427 3555 677 3648 fugacissimi
693 3551 838 3642 militie,
861 3575 904 3621 eo
928 3578 1001 3648 quo
1017 3551 1215 3624 Rhenanus

135 3674 259 3774 posuit
291 3699 395 3744 sensu
426 3671 498 3744 dici
523 3696 597 3743 non
619 3695 722 3768 posse
749 3670 896 3766 egregie·
913 3672 1051 3742 monuit
1081 3671 1214 3767 optime

138 3793 287 3867 meritus
304 3791 437 3865 codicis
446 3788 720 3862 Amerbechiani
734 3787 868 3861 Editor.
925 3787 999 3874 Qui
1017 3816 1128 3887 quum
1148 3814 1215 3886 pro

136 3915 208 3988 hac
236 3913 402 3984 Rhenani
433 3909 713 4010 interpolatione
733 3907 872 3980 dederit
899 3910 1001 4001 vice,
1033 3932 1112 3978 mea
1139 3907 1215 4004 opi·

138 4033 251 4108 nione
274 4033 431 4128 omnino
443 4055 569 4126 verum
596 4028 693 4101 vidit

105 4253 109 4260 ,
231 4150 496 4273 subsequentia
553 4169 719 4242 codicum
758 4188 793 4239 et
832 4166 952 4240 Murb.
991 4187 1026 4237 et
1064 4165 1211 4238 Amerb

131 4290 186 4400 nd
216 4291 325 4366 fidem
369 4291 559 4366 certissime
601 4288 781 4387 corrigere
827 4287 928 4378 licet,
976 4285 1048 4358 hoe
1086 4281 1213 4359 modo:
