2968 5046
1183 513 1231 586 21

261 700 366 790 „Uti
385 711 595 793 appareat,
613 703 801 794 populun
824 685 872 774 R.
898 709 1006 772 naum
1031 691 1231 774 dictatoria

262 816 323 912 (ut
352 845 459 918 supra
490 819 760 917 usurpationem
787 819 988 908 dicawris)
1013 833 1102 892 anta
1126 833 1230 895 melu

260 925 518 1026 desiderasse,
556 952 635 1011 tum
658 941 760 1014 illius
782 944 903 1022 colum
924 953 1157 1036 potestatam
1183 944 1230 1014 ti-

244 1059 442 1134 ,muisce.“
516 1107 520 1114 -

145 1169 256 1257 Quae
283 1174 313 1246 si
337 1204 418 1250 vera
438 1199 525 1252 sunt
538 1234 548 1272 ,
562 1165 719 1253 'Velleio
745 1200 908 1257 censente
934 1181 1117 1279 apparuit,
1146 1195 1229 1256 eani-

145 1289 238 1364 dam
265 1292 498 1391 dictaturam,
537 1323 627 1399 quae
652 1319 763 1371 ‘antea
788 1298 965 1372 bellorum
993 1321 1152 1373 memet
1183 1326 1246 1380 ne,

103 1449 106 1458 ·
143 1410 243 1510 quid
267 1412 465 1490 detrimeriti
491 1430 633 1518 'caperc't
659 1446 768 1518 resp,
806 1440 975 1519 usurpata
1013 1420 1146 1512 fuerit,
1188 1419 1227 1492 iu
1303 1425 1310 1436 '

145 1530 289 1606 Sullam
323 1563 445 1610 rerum
471 1538 620 1636 potitum
646 1559 793 1636 propter
823 1538 961 1636 ipsum,
989 1550 1065 1640 'quo
1092 1537 1230 1616 animos

147 1656 349 1750 perculerit
384 1658 551 1732 timorem
589 1659 758 1731 collatam
791 1683 886 1749 csse,
933 1680 974 1748 ut
1016 1685 1107 1759 quae
1142 1659 1230 1732 auti'-

150 1774 275 1874 quitus
299 1777 433 1852 'futuris
461 1779 568 1851 malis'
602 1777 741 1852 medela
778 1775 932 1849 adhibita
964 1777 1026 1872 sit,
1065 1791 1106 1852 e'a
1133 1789 1232 1852 nuuc

148 1893 227 1966 iam
263 1899 467 1972 necessitate
503 1899 710 1998 impositum
746 1896 998 1975 dominationis
1032 1899 1071 1972 iu
1100 1886 1232 1998 iugum

151 2013 291 2089 abierit.

260 2135 448 2234 Superest,
497 2153 538 2208 ut
589 2133 776 2209 ostendam
816 2133 1096 2262 Ruhnkeuianas
1145 2164 1232 2212 con·

151 2253 304 2329 iecturas
330 2256 495 2330 facilitate
516 2255 677 2354 superari
702 2282 723 2327 a
749 2255 887 2327 nostris.

260 2375 395 2462 Quum
415 2391 483 2448 aut
515 2377 552 2448 in
596 2372 702 2450 codd.
737 2376 781 2447 sit
813 2408 882 2485 au,
927 2393 1017 2450 ante
1049 2403 1135 2452 vero
1166 2405 1230 2468 art,

152 2493 282 2586 elucet,
308 2473 446 2568 lacilius
460 2494 560 2589 haec,
590 2521 694 2592 quam
714 2494 765 2568 αἰι
793 2513 828 2568 et
840 2473 1005 2569 hands.
1031 2497 1128 2570 haut
1151 2525 1233 2598 per·

150 2615 283 2687 mutari
304 2615 528 2713 potuisset).

255 2735 414 2835 Syllabas
441 2735 529 2806 Tul·
500 2737 550 2806 Ιιο
574 2741 620 2808 Co
646 2735 694 2808 ita
716 2754 812 2810 ortas
838 2753 1006 2834 putamus
1030 2762 1073 2808 ex
1101 2713 1235 2810 verbis:
1327 2779 1330 2788 ‚

155 2855 546 2950 „tum²illissolu1n.“
609 2835 716 2927 ¹Tum
750 2855 856 2928 scribi
898 2857 989 2929 solet
1020 2845 1235 2955 per'solam
1297 2945 1302 2952 ,

152 2977 207 3049 lit.
240 2988 287 3070 t,·
311 2973 651 3072 superimpendente
691 2974 832 3052 lineola.
886 2975 941 3048 Ita
979 2965 1074 3050 aacti
1113 3001 1235 3049 sumus

153 3095 261 3170 haec:
274 3098 394 3190 'tilti9‚
418 3121 506 3192 quae
526 3121 608 3167 ecce
626 3119 732 3191 quam
754 3093 883 3167 similia
900 3095 970 3166 sint
984 3097 1095 3168 verbo
1111 3097 1233 3182 Tulio,

127 3216 298 3289 'lineolis
333 3233 368 3288 et
395 3242 502 3315 supra
537 3235 572 3288 et
598 3215 689 3288 infra
723 3239 863 3288 versum
895 3214 1110 3288 exstantibus
1138 3219 1238 3290 vetu-

154 3353 242 3433 state
274 3334 408 3409 deletis.
478 3335 532 3408 Ex
568 3333 676 3409 literis
707 3338 739 3404 il
760 3361 804 3428 u,
839 3359 882 3408 ex
914 3334 1065 3434 signo'y
1090 3362 1113 3407 ο
1146 3335 1237 3412 facta
1315 3407 1318 3410 .

155 3482 248 3549 esse,
273 3455 374 3529 facilc
398 3455 542 3554 quisque
568 3452 748 3528 concedet
1094 3447 1096 3452 ’
1286 3464 1289 3468 ’

255 3574 308 3647 Ex
361 3575 472 3647 literis
517 3602 538 3647 o
588 3577 640 3646 Co
689 3573 927 3646 Ruhnkenius
975 3577 1092 3649 effecit
1136 3581 1239 3674 oci03

159 3694 263 3768 nobis
291 3696 355 3766 sub
382 3694 516 3796 syllaba
539 3695 593 3765 Co
619 3693 728 3767 latere
753 3693 895 3766 videtur
920 3718 954 3765 v.
980 3697 1110 3766 colum.
1142 3693 1238 3769 Con·
1254 3725 1261 3738 ⁴

155 3815 331 3912 templare
375 3809 469 3886 enim
509 3814 613 3888 verbi
654 3813 749 3920 illius
793 3832 916 3886 notam
957 3811 1237 3926 diplomaticam:

157 3959 282 4007 nonne
310 3933 478 4008 facillime
511 3933 597 4006 oriri
623 3951 766 4032 poterat
789 3933 890 4006 litera
917 3933 1125 4045 maiuscula
1138 3929 1192 4004 0
1196 3959 1239 4008 ex

155 4053 215 4126 illa
240 4078 325 4127 cum
350 4054 453 4154 apice
480 4053 672 4128 coniuncta
698 4053 749 4126 lit.
767 4047 901 4151 fl
839 4093 891 4110 -

198 4309 231 4386 ⁹)
251 4311 406 4372 rerrmtm
424 4331 525 4387 quaeso
543 4314 631 4370 oculis
650 4331 735 4387 quam
754 4313 827 4369 libro
846 4311 1024 4370 maxuma·
1041 4313 1175 4370 tabularu.
