2968 5046
196 461 197 468 ἵ
252 493 316 550 vul

111 709 114 723 ι
254 659 342 734 diois
383 651 630 738 dlurlsaceusis
672 661 934 761 apographum,
962 607 1164 736 'Bonil'acii
1196 658 1323 742 Auser·
1473 693 1474 702 ¹

253 771 368 848 bachii
394 801 501 848 manu
530 784 709 849 exaratum
723 773 775 874 *).

340 947 399 1020 Dc
430 974 500 1046 quo
531 947 694 1023 ¹(lrellius
714 948 794 1048 **):
841 947 1052 1042 „Fucrnnt,
1091 925 1223 1049 inquit,
1261 953 1324 1050 qui
1405 889 1409 896 1

253 1059 491 1170 „crederent,
514 1061 581 1135 lroc
604 1065 719 1160 ipsum
746 1060 924 1158 exemplar
948 1062 1112 1134 traditum
1138 1089 1214 1136 csse
1240 1089 1322 1163 ope-

254 1175 335 1266 „ris
376 1173 622 1248 Froheuianis:
672 1202 716 1258 ex
765 1201 835 1274 quo
877 1173 996 1249 Editio
1037 1175 1201 1274 prinecps
1241 1178 1323 1253 anni

253 1286 443 1379 „Mnxx
480 1291 751 1387 exprimeretur,
805 1286 963 1386 adeoque
1005 1287 1071 1362 lroc
1107 1287 1196 1361 illud
1231 1315 1345 1383 esse,

252 1401 383 1500 „quod
416 1401 610 1477 Rhenanus
650 1401 883 1501 ‘properanter
920 1412 1025 1499 atque
1060 1401 1246 1476 infeliciter
1277 1401 1323 1476 ab

252 1515 393 1607 „amico
432 1515 584 1613 quodam
629 1514 843 1612 descriptum
882 1514 1109 1612 conqueritur
1152 1515 1190 1586 in
1224 1513 1323 1590 dedi·

252 1628 461 1730 „cationc‘f
485 1625 589 1736 (pag.
604 1624 655 1726 5)
700 1621 754 1699 At
768 1634 877 1725 negat
900 1637 1090 1726 utrumque
1114 1625 1283 1702 Orellius.

336 1803 414 1877 Nos
442 1780 559 1878 autem
588 1814 628 1877 nt
655 1773 852 1901 exemplum
878 1797 1201 1876 Amerlsaclrianum
1224 1805 1321 1904 typis

253 1914 466 2016 descriptum
501 1942 571 1990 nou
615 1939 693 1990 esse
729 1915 970 2008 concedimus,
1012 1918 1061 1988 ita
1096 1915 1330 1991 dissentimus.

252 2027 298 2102 ab
313 2055 374 2104 eo·
392 2029 487 2128 quod
510 2029 668 2104 Orellius
683 2029 755 2129 ***)
783 2031 920 2103 statuit:
954 2027 1151 2127 exemplum
1168 2030 1256 2104 illud
1273 2031 1320 2107 al)
1475 2001 1476 2038 ;

252 2144 362 2226 aurien
387 2141 537 2240 quodam
562 2142 727 2216 Rhonaui
753 2142 965 2238 descriptum
993 2142 1085 2215 idem
1113 2168 1190 2216 esse
1216 2154 1322 2243 atque

249 2254 337 2327 illud
363 2255 458 2354 quod
478 2255 669 2356 typothetis
693 2254 859 2328 traditum
884 2256 938 2328 sit.
994 2255 1166 2330 Noseuim
1196 2297 1253 2310 -
1279 2269 1321 2332 ut

250 2367 345 2465 quod
381 2368 483 2441 nobis
520 2368 828 2468 demonstrandum
869 2369 1081 2462 sumpsimus
1107 2369 1235 2442 ‘statim
1257 2369 1318 2444 ab

249 2482 347 2553 initio
379 2507 549 2580 ponamus
578 2522 636 2536 —
670 2480 931 2572 contendimus,
961 2477 1115 2552 codicem
1143 2476 1319 2558 Amerba·

249 2591 409 2666 chiauum
435 2619 511 2667 esse
541 2595 718 2692 exemplar
738 2592 827 2665 illud
848 2591 892 2664 uls
916 2594 1028 2665 amico
1051 2591 1203 2693 quodam
1222 2597 1319 2672 lllre·

249 2707 332 2776 naui
359 2719 587 2805 properanter
616 2717 721 2804 atque
746 2705 932 2779 infeliciter
959 2706 1184 2804 descriptum,
1210 2709 1318 2809 idque

250 2815 426 2891 diversum
458 2845 535 2892 esse
561 2818 605 2890 ab
635 2844 676 2892 eo
700 2818 859 2916 exemplo
880 2818 976 2917 quod
996 2830 1036 2892 ut
1059 2821 1153 2920 typis
1188 2825 1318 2896 exscri-

247 2927 392 3003 beretur
418 2933 457 3003 in
487 2931 664 3004 officinam
691 2931 859 3005 Frobenii
887 2935 1033 3004 missum
1061 2943 1123 3004 est.

166 3177 175 3188 ,
331 3101 465 3205 Accipe
494 3132 584 3205 quae
612 3106 650 3180 iu
677 3103 913 3199 dedicatione,
943 3105 1088 3179 editioni
1114 3104 1315 3182 Velleiauae
1418 3153 1424 3164 ·

137 3227 143 3244 “
246 3221 437 3318 praemissa
480 3231 516 3294 et
554 3229 654 3291 sexto
690 3216 744 3290 Id.
779 3218 868 3332 llcc.
907 3245 999 3292 mmo
1016 3309 1020 3319 A
1036 3217 1192 3294 MDXX
1234 3247 1316 3296 cou-

315 3473 340 3557 ·)
370 3481 475 3537 Orclllo
494 3485 607 3538 auctore
625 3486 699 3540 hunc
714 3487 801 3541 habet
822 3485 1063 3556 subscriptionem

618 3573 714 3626 Tertio
736 3573 797 3626 aid.
820 3571 890 3644 dog.
910 3565 1029 3636 Μ

640 3654 778 3709 Basileios
800 3652 833 3706 lu
854 3655 925 3712 edib.
948 3656 1003 3710 suis

700 3736 750 3790 Bo.
768 3721 940 3791 Amerbicoh

550 3809 669 3893 Θισμδν
688 3808 762 3897 lpas
782 3811 840 3928 osi}
855 3810 917 3878 alde
933 3812 1088 3896 βιημιίχις

300 4031 341 4112 ··)
367 4025 495 4093 vta'sd.
513 4036 601 4092 orell.
620 4054 646 4107 p.
658 4038 730 4092 vm.
810 3935 842 3997 V

285 4152 340 4230 ω)
366 4158 548 4302 piamun
571 4161 615 4216 sd.
634 4161 737 4234 pagius
750 4161 816 4218 vm
838 4167 867 4219 st
885 4161 939 4228 nt.
967 4169 997 4219 st
1019 4165 1113 4222 contos
1132 4165 1315 4224 Κηιιιίιιιιιιιιι

364 4257 391 4311 p.
447 4279 455 4295 .
