2968 5046
1175 469 1221 552 15

171 649 175 670 '
246 655 382 761 Tabula
411 677 528 730 autem
551 675 667 757 quum
692 682 735 730 es
755 654 1004 759 emendatione
1030 675 1150 730 nostra
1177 659 1223 730 sit

64 819 67 824 ·
137 778 264 852 tabula
286 777 468 850 coloribus
494 778 605 878 picta,
634 775 694 850 hie
718 777 792 850 loci
819 803 941 851 sensus
964 775 1096 851 evadit:
1129 777 1223 877 Pug-

139 924 213 971 nae
234 898 444 972 memoriam
472 918 507 996 et
525 898 757 998 inscriptione
782 900 906 1000 templi
928 879 1023 1001 posti
1045 899 1160 993 affixa,
1190 919 1225 974 et

111 1019 264 1092 ,tabula
293 1019 330 1090 in
366 1043 449 1092 area
486 1021 550 1091 sub
578 1019 774 1120 porticibus
803 1019 984 1120 pendente
1009 1046 1224 1120 pugnaeque

138 1141 341 1240 imaginem
362 1143 538 1215 referente
565 1147 741 1216 servatam
766 1167 850 1216 esse.

245 1330 474 1422 Vocabulum
494 1332 608 1404 aodi‘e
632 1360 747 1432 quum
775 1331 820 1404 ad
842 1334 960 1432 ipsum
987 1337 1137 1408 verbum
1158 1335 1226 1428 qf·

125 1453 225 1542 fixa
246 1453 442 1550 pertineat,
473 1477 539 1524 suo
570 1453 653 1534 loeo
674 1473 767 1526 stare
789 1441 944 1532 videtur.

246 1639 308 1744 Ad
328 1645 441 1716 finem
468 1642 592 1744 capitis
615 1627 842 1743 progressus,
867 1667 941 1714 non
966 1669 1115 1741 possum
1138 1641 1228 1742 quin

138 1762 283 1859 signem
315 1764 471 1857 calamo,
503 1762 690 1863 quomodo
715 1788 810 1862 quae
835 1761 938 1836 initio
964 1762 1069 1864 posui
1096 1761 1227 1838 codicis

143 1881 257 1954 verba
279 1881 493 1978 corrigenda
515 1903 659 1985 putem:

250 2069 356 2162 Adeo
399 2071 496 2144 enim
526 2071 634 2178 ¹Sylla
672 2071 853 2145 dissimilis
892 2072 959 2144 fuit
995 2072 1147 2154 bellator
1187 2098 1230 2147 ac

146 2193 284 2286 victor,
321 2213 361 2264 ut
399 2190 488 2263 dum
527 2181 713 2293 vinceretss
751 2192 943 2266 iustissimo
979 2191 1116 2288 leuior,
1150 2212 1232 2295 post

147 2312 336 2386 victoriam
363 2309 487 2386 audito
517 2312 627 2384 fuerit
652 2310 848 2387 crudelior.
904 2311 999 2384 Nam
1032 2332 1067 2384 et
1090 2313 1239 2420 Consu-a

146 2433 225 2504 lem
250 2433 303 2526 (ut
323 2417 577 2534 praediximus)
604 2427 843 2504 exarmatum
869 2433 1124 2528 Quintumque
1150 2432 1227 2516 Sat'-
1306 2442 1310 2454 '

145 2551 285 2625 terium
315 2551 437 2654 (proh
468 2555 592 2654 quanti
626 2547 710 2626 moi:
733 2553 821 2626 belli
844 2553 1001 2648 iaceml)
1034 2549 1228 2658 etmultos

148 2673 257 2774 alios,
290 2676 423 2778 potitus
457 2704 584 2749 eorum
613 2675 748 2748 dimisit
775 2665 1000 2747 incolumes?
1025 2672 1153 2762 credo,
1188 2687 1229 2740 ut

147 2795 189 2868 in
219 2794 349 2868 eodem
369 2796 517 2868 homine
540 2795 693 2897 duplicis
712 2823 753 2867 ac
772 2793 998 2880 diversissimi
1018 2790 1125 2866 animi
1143 2815 1230 2866 con·

149 2915 349 3016 spiceretur
379 2919 597 3017 exemplum.
658 2915 740 2987 Post
761 2915 967 3008 victoriam,
995 2919 1065 3014 qua
1084 2910 1231 3024 alescen-

150 3036 241 3110 dens
269 3033 495 3136 (defendens
504 3037 545 3134 Ρ)
573 3057 730 3108 montem
752 3033 869 3109 Tifata
895 3063 979 3118 cnm
1001 3032 1040 3102 C.
1056 3029 1232 3103 Norbano

152 3178 387 3252 concurrerat
404 3159 505 3232 Sulla
534 3179 652 3256 grates
674 3157 822 3250 Dianae,
848 3153 949 3236 cuius
969 3149 1111 3246 numini
1135 3145 1233 3248 regio
1256 3225 1261 3246 t

83 3285 86 3290 '
150 3277 367 3384 illa.sacrata
396 3299 466 3372 est,
492 3276 604 3360 solvit.

471 3602 727 3713 esron
754 3583 944 3748 vluti

593 3756 801 3826 vstt.11‚26.
859 3843 863 3852 ἢ

639 3894 760 3918 m

155 3985 211 4097 Iis
241 4051 333 4126 quae
360 4022 471 4097 modo
494 4038 763 4121 praecesserunt
790 4043 861 4118 pro
890 4013 1023 4088 viribus
1050 4005 1240 4081 ostendere
1293 4071 1299 4080 .

154 4149 390 4240 conabamur,
415 4141 612 4244 tegendum
629 4163 709 4214 csse
735 4141 894 4212 inurea
908 4137 1096 4204 interna„
1132 4125 1240 4200 Nunc

155 4268 227 4341 iarn
256 4247 510 4376 ad‘sequentia
537 4260 697 4335 animum
721 4247 991 4333 convertamus.¹

253 4473 262 4506 t
