2968 5046
234 427 279 504 16

333 611 453 692 Nemo
480 643 553 692 non
577 614 741 714 intelligit
764 584 987 689 Rhenanam¹
1011 635 1119 712 qnam
1145 609 1314 684 facillime
1336 682 1339 700 ,

235 737 457 814 confundere
485 737 640 838 potuisse
671 738 778 810 verba
803 761 894 835 quae
921 732 1073 806 Burerio
1102 752 1245 804 auctore
1271 731 1313 802 in

154 855 157 862 ⁴
234 860 316 935 eod.
343 860 522 940 exstabant
546 886 630 930 cum
657 857 740 951 iis,
753 883 845 958 quae
869 856 944 954 ipse
971 851 1142 938 exhihuit.
1199 850 1314 925 Dedit

232 978 341 1079 igitur
366 982 500 1067 „intra
521 983 664 1051 aedem.
695 978 825 1048 Coss.“
847 1003 980 1076 quum,
1006 971 1140 1047 codicis
1167 972 1315 1070 vestigia

198 1161 201 1166 ,
233 1119 431 1201 sequutus,
454 1100 609 1174 scribere
639 1097 818 1210 debuisset
846 1100 1007 1168 interna.
1036 1089 1183 1169 deinde.
1238 1093 1316 1166 Ac·
1333 1169 1334 1178 χ

235 1219 347 1314 cedit,
381 1219 481 1321 quod
513 1221 661 1294 fortasse
690 1235 735 1291 ne
769 1221 905 1291 deinde
934 1213 1101 1326 quidem,
1137 1189 1254 1286 sed
1227 1241 1316 1285 srm-

233 1340 361 1446 plicius
395 1344 482 1412 dein
516 1339 689 1438 scriptum
726 1337 810 1433 fuit,
844 1337 943 1410 unde
980 1333 1143 1409 facillime
1180 1334 1318 1438 syllaba

235 1467 324 1536 dein
346 1487 413 1561 pro
438 1459 538 1534 finali
564 1459 662 1534 vocis
687 1463 822 1531 aedem
843 1458 976 1558 syllaba
998 1455 1123 1530 haberi
1148 1455 1272 1557 putuit.

333 1616 409 1688 Iam
432 1640 506 1686 nnn
532 1614 693 1710 ineptum
712 1613 788 1685 fore
803 1609 963 1710 videtur,
990 1611 1186 1708 attingere,
1213 1609 1320 1710 quod

233 1764 342 1836 supra
366 1734 467 1807 certis
485 1730 530 1806 de
560 1735 689 1806 caussis
710 1732 903 1806 omisimus.
954 1733 1095 1832 Religio
1122 1729 1219 1804 enim
1240 1756 1329 1810 esse,

232 1857 342 1956 possit
367 1876 503 1927 mutare
529 1853 611 1929 11.1.
635 1852 916 1954 interpungendi
950 1854 1061 1951 signa.
1118 1852 1319 1925 Kreusium

234 1998 331 2053 certe
359 1975 404 2055 V,
440 1975 485 2050 D.
529 1975 559 2047 si
592 1973 712 2070 audis,
763 1973 829 2048 Ed.
862 1972 1038 2072 principis
1070 1969 1317 2071 interpunctib

233 2100 306 2202 iam
345 2094 431 2170 inde
468 2096 627 2195 abipso
663 2093 785 2169 codiee
822 2093 943 2168 Murh.
961 2149 964 2156 ·
983 2095 1156 2193 originem
1187 2095 1322 2202 repetit

233 2247 347 2294 suam.
412 2215 461 2287 At
482 2238 575 2289 errat
596 2215 788 2310 Krausius‚
823 2217 1020 2315 nulloque,
1054 2216 1206 2318 opinor,
1235 2218 1321 2289 iure

196 2342 306 2424 ¹suive
327 2337 485 2436 neglexit
506 2337 578 2411 sive
603 2364 669 2436 pro
697 2337 804 2414 irritis
827 2335 953 2409 habuit
973 2337 1105 2414 diserta
1133 2337 1191 2409 illa
1214 2337 1321 2427 Beati

149 2545 151 2552 Ι
213 2455 403 2532 ‘Rhenani
433 2458 555 2530 verba:
607 2437 763 2548 „Ausim
800 2456 937 2549 iurare,
968 2483 1068 2552 eum,
1112 2458 1176 2559 qui
1210 2459 1322 2532 illum

199 2565 205 2574 ⁵
240 2577 422 2668 (codicem
449 2575 752 2674 Murbacensem)
779 2565 1044 2678 'descripserat,
1080 2605 1126 2652 ne
1148 2573 1321 2653 'verbum

184 2767 190 2784 ,
239 2694 382 2795 quiden
401 2697 630 2770 intellexisse:
661 2696 750 2771 adeo
780 2699 901 2771 omnia
931 2719 1032 2772 erant
1053 2700 1199 2774 confusa
1230 2677 1322 2773 ubs-

238 2841 311 2913 que
341 2821 424 2902 ullis
448 2821 604 2915 punctis
641 2833 710 2890 aut
740 2821 1082 2896 distinctionibus.“
1107 2823 1144 2921 ⁸)
1205 2821 1324 2909 Quod

177 2981 180 2988 =
238 2937 335 3010 enim
363 2937 536 3012 Krausius
564 2937 609 3010 ad
632 2957 665 3012 ,1.
684 2937 721 3013 II
747 2965 777 3012 c,
800 2945 868 3014 115
888 2967 918 3013 1.
950 2941 987 3014 II
1013 2946 1058 3014 25
1080 2963 1168 3017 extr.
1202 2943 1322 3016 Bure-

134 3139 138 3148 ,
237 3057 333 3132 rium
356 3065 520 3133 testatum
545 3080 665 3161 putat,
694 3061 798 3132 aliam
818 3059 854 3131 in
871 3060 939 3134 Ed.
968 3091 1020 3162 pr.
1046 3084 1151 3163 atque
1174 3065 1320 3167 inipso

237 3177 361 3254 codiee
385 3205 584 3279 expressam
607 3206 682 3253 esse
703 3179 1055 3280 Interpunetionem:
1078 3184 1169 3256 illud
1194 3211 1320 3260 errore

236 3295 363 3372 ductus
382 3299 645 3398 pronunciavit.
673 3349 676 3354 -
691 3298 789 3386 Quid
805 3298 929 3373 enim?
952 3329 1074 3376 nonne
1091 3303 1220 3377 eodem
1236 3306 1319 3379 iure

233 3431 306 3520 quo
327 3417 523 3494 Rhenanus
545 3419 718 3494 Burerius
738 3445 803 3492 suo
834 3446 875 3500 ex
905 3418 1039 3495 iudicio
1058 3422 1320 3526 interpungere

232 3559 381 3640 poterat,
411 3537 513 3638 quod
538 3559 709 3640 tanquam
734 3567 857 3615 veram
881 3542 961 3615 cod.
980 3543 1110 3619 Mure:
1124 3546 1321 3623 lectionem

231 3659 423 3734 lectoribus
445 3659 736 3759 pr‹›p0suit,?,·-
765 3659 894 3775 Neque
917 3663 1014 3737 aliud
1030 3665 1228 3768 quidquam
1241 3670 1323 3770 agit

231 3779 503 3894 candidissimus
529 3781 593 3855 ille
617 3783 907 3884 cautissimusque
935 3788 1008 3880 vir,
1039 3817 1148 3888 quam
1177 3811 1217 3864 ut
1242 3820 1321 3868 una

231 3928 315 3974 cum
345 3901 408 3973 illa
431 3899 564 4008 codicis
585 3903 738 3976 lectione
762 3905 868 3979 aliam
897 3929 1042 4008 quoque
1073 3930 1178 4012 etque
1206 3941 1321 4015 quam

274 4101 303 4178 ⁸)
321 4110 401 4177 Qnse
429 4082 513 4166 nenti
542 4112 629 4165 rerba
659 4109 728 4166 nau·
761 4113 920 4170 murmuri
943 4114 1070 4170 ridentur
1100 4115 1150 4186 ils,
1181 4135 1252 4189 quus
1281 4120 1323 4174 sd

334 4225 399 4282 pag.
415 4214 441 4271 9.
462 4232 488 4268 v.
507 4217 543 4272 15
567 4216 618 4271 Ed.
637 4232 678 4284 pr.
698 4214 766 4270 tint
786 4216 926 4273 fluxerint.
