2958 5038
977 421 999 472 ³
1144 491 1192 564 oa
1258 451 1261 464 ’

117 690 199 768 cap.
214 669 273 738 55.
295 687 437 740 narrata
459 686 575 742 eraut:
600 667 762 770 Sequens
775 669 968 748 Fortunam
984 701 1089 752 suam
1104 664 1191 752 cae'-

115 811 188 879 sar,
211 807 398 885 pervectus
418 785 455 858 in
467 786 647 883 Africam,
673 815 778 886 quam
797 791 915 864 occiso
932 791 1105 885 Curione,
1132 797 1190 872 Iu·

114 904 293 977 lianarum
315 891 406 977 driee
432 906 836 1009 partium‚‘Pompeiaui
863 913 1069 988 obtinebant
1093 941 1189 989 exer-

116 1023 221 1118 citus,
247 1024 296 1096 ibi
315 1025 434 1123 primo
459 1026 588 1104 variam
605 1027 801 1101 Fortunam
824 1035 1037 1131 expugnavit
1050 1034 1188 1129 virtute,

113 1143 379 1240 inclinataeque'
415 1143 573 1216 hostiurn
612 1149 775 1244 copiae.“
842 1149 1008 1236 Quorum
1041 1178 1190 1248 memor,
1275 1169 1277 1180 '

113 1263 250 1335 nescies
277 1262 464 1336 nobiscum
502 1247 588 1359 quid
619 1266 684 1341 sibi
711 1269 795 1345 velit
817 1269 1009 1364 Krausius,
1040 1293 1188 1348 conten·

115 1359 225 1475 dens',
254 1408 327 1454 non
344 1380 575 1480 cogitandum
603 1377 737 1457 esseda
764 1387 861 1458 bello
878 1385 1024 1460 Caesare
1048 1383 1187 1487 auspice

44 1487 47 1494 Δ
114 1501 156 1574 in
174 1501 295 1575 Africa
320 1523 427 1599 gesto.
477 1501 598 1574 Verba
623 1502 683 1574 illa
712 1531 803 1604 quae
827 1506 944 1578 statim
975 1526 1189 1608 sequuntur:

114 1625 180 1691 vir
201 1625 347 1718 eloquio
382 1623 539 1694 Curioni
564 1627 776 1696 simillimus
808 1625 945 1699 Velleio
979 1623 1189 1700 Africanum
1229 1693 1240 1706 .

113 1723 263 1812 bellurn¹
276 1741 313 1811 in
327 1741 493 1826 ,animum
513 1724 694 1816 revocanti
715 1721 879 1817 facillime
902 1743 1063 1820 excidere
1087 1767 1188 1848 pote·

116 1881 210 1932 rant.
264 1859 360 1946 Quin
384 1862 460 1960 ipsa
479 1865 669 1956 verborum
688 1863 821 1961 positio
840 1864 1001 1959 ostendit,
1021 1859 1222 1968 scriptori*

113 1977 152 2053 h.
175 1980 198 2053 l.
228 1981 317 2052 iacta
346 2007 432 2054 voce
462 1983 678 2078 Africaque
707 1983 809 2052 etiam
838 1984 987 2057 lectores
1014 2011 1096 2056 suos
1132 2011 1186 2058 ea·

68 2147 71 2150 -
116 2097 407 2174 rundcmrerum
428 2095 664 2201 Curionisque
685 2102 885 2172 meminisse
902 2103 1002 2177 visos.
1043 2103 1187 2175 Etenim

114 2221 147 2292 si
172 2239 339 2319 tanquam
366 2246 496 2292 novam
527 2221 633 2318 plane
669 2245 860 2317 personam
895 2219 1089 2293 induxisset
1117 2221 1186 2293 Cu·

100 2339 270 2431 rtionem,
288 2337 494 2437 scripsisset:
526 2339 605 2428 „M.
629 2339 788 2422 Coelius,
808 2341 868 2408 vir
883 2325 1028 2434 ¹eloquio
1044 2342 1186 2409 animo·

116 2485 191 2557 que
211 2461 421 2530 simillimus
447 2458 640 2532 Curioni.“
664 2523 676 2548 ι,
694 2443 804 2542 Qudd
827 2458 891 2528 etsi
914 2481 1021 2555 neges
1047 2459 1094 2554 (et
1114 2460 1185 2532 scio

114 2579 246 2651 multos
271 2579 346 2649 fore
374 2575 437 2674 qui
461 2575 544 2646 tales
578 2602 662 2671 quas
690 2573 808 2648 dicant
833 2603 944 2676 nugas
967 2579 1185 2678 ineptiasque

115 2725 264 2799 prorsus
294 2695 395 2768 nihili
426 2695 570 2787 faciant)
600 2721 672 2766 non
703 2697 916 2795 repugnabis
945 2716 1062 2768 tamen
1098 2723 1186 2794 quo·

107 2819 239 2902 ‚minus
258 2818 295 2888 in
317 2815 370 2886 his
392 2812 550 2911 legendis
573 2814 652 2886 voci
675 2817 885 2886 simillimus
908 2809 1038 2888 sonuni
1064 2813 1186 2907 addas,

114 2961 238 3036 neque
268 2934 446 3009 recitabis:
482 2933 557 3026 „vir
586 2911 726 3029 eloquio
750 2933 938 3034 animoque
966 2935 1130 3008 Curioni
1142 2935 1186 3005 si·

114 3053 330 3146 millimus,“
354 3051 418 3126 sed
443 3052 520 3146 „vir
538 3051 680 3150 eloquio
695 3053 884 3155 animoque
901 3049 1056 3126 Curioni
1071 3055 1185 3126 simib

113 3171 292 3249 timuis*
848 3165 853 3174 ’

217 3411 264 3490 Et
283 3441 328 3490 ne
351 3416 440 3516 quid
457 3415 584 3517 reliqui
600 3413 736 3506 faciam,
766 3410 922 3498 Caesaris
937 3409 1001 3520 illa
1024 3410 1187 3503 „uadem

113 3535 349 3630 temporibus
374 3532 474 3633 (vid.
500 3535 542 3605 B.
563 3533 601 3606 C.
624 3531 914 3630 111,20)1quum‚
938 3526 1188 3620 demonstrent,

111 3652 222 3728 illum
261 3673 337 3725 ante
374 3680 534 3752 pugnam
564 3649 800 3724 Pharsalicam
839 3649 1064 3722 commissam
1098 3643 1184 3717 sedi·

112 3771 254 3843 tionem
277 3770 447 3863 movisse,
478 3765 662 3844 verisimile
684 3788 753 3860 est,
781 3767 964 3846 Velleiunr
989 3790 1043 3838 res
1067 3764 1187 3862 paullo
1275 3865 1287 3878 ᾖ

113 3909 157 3962 et
183 3909 261 3962 ante
292 3909 327 3962 et
355 3911 438 3990 post
461 3907 572 3985 gestas
597 3885 778 3960 seditionis
807 3886 903 3958 illius
936 3882 1189 3978 chronologice

112 4009 342 4084 definiendae
367 4029 436 4106 pro
463 4004 619 4078 terminis
644 3995 811 4104 posuisse.
861 4001 988 4101 Neque
1015 3995 1189 4098 estquod

113 4127 266 4221 addam,
305 4127 479 4202 vocabulo
516 4127 733 4220 Afrioaque
764 4121 825 4196 hic
853 4119 970 4194 minus
1002 4117 1190 4220 diligenter

113 4247 225 4326 verba
250 4252 292 4322 in
315 4251 398 4322 acie
423 4247 647 4322 Pharsalica
674 4240 796 4340 excipi.
