2968 5046
254 635 421 712 Ceterum
461 634 699 734 antiquissima
738 605 861 736 'potest
903 659 976 708 esse
1019 635 1228 733 corruptela
1261 633 1335 708 'illa

251 757 374 832 literae
399 757 421 830 b
444 781 514 858 pro
539 759 567 828 d
595 754 747 857 positae:
787 771 960 853 quum'et
983 755 1021 828 in
1034 754 1157 829 -Fnstis
1186 753 1334 856 Capito·

252 877 335 952 linis
357 877 408 950 lie
423 878 466 948 D
488 901 527 948 ea
552 875 614 970 sit}
639 895 679 964 ut
702 873 867 949 facillime
886 874 928 948 in¹
948 875 997 950 lit.
1019 877 1061 946 B
1082 877 1193 950 abent.

572 1325 840 1422 GKRM!
872 1323 1015 1422 xu
1065 1381 1071 1392 ,

617 1488 627 1514 ‘
646 1480 785 1566 rursu,
807 1494 850 1550 se.
868 1495 926 1550 rnre.

155 1727 158 1730 ,
334 1651 657 1731 „nemoroso
676 1649 1048 1729 assumemur,
1069 1669 1172 1731 pam
1196 1650 1336 1714 urenda

251 1765 357 1822 mur
396 1763 448 1818 ur.
470 1779 510 1831 μ.
525 1761 578 1819 st.

245 2001 441 2114 llrausius
473 2034 585 2128 edens,
599 2036 805 2134 praevenit
834 2053 868 2106 et
896 2060 1012 2133 pauca
1055 2037 1171 2130 „Seu
1198 2035 1333 2137 inquit,

200 2139 206 2151 .
251 2161 373 2235 locum
391 2155 770 2231 hunerexetissimum
788 2153 1078 2230 constituendum
1093 2156 1228 2256 putavi,
1253 2171 1333 2229 me'·

254 2269 381 2354 dicim
406 2294 448 2350 ut
476 2281 628 2350 videtur
653 2277 897 2368 facillimo.“
955 2271 1004 2374 ᾼῑ
1028 2299 1114 2351 vero
1146 2273 1235 2349 haec
1254 2301 1333 2347 non

252 2399 427 2474 medicina
454 2416 524 2490 est,
556 2394 618 2469 sed
644 2415 761 2493 aperta
787 2393 1045 2490 desperationis
1072 2395 1267 2502 uonfessio,
1294 2417 1334 2468 et

251 2519 426 2594 levissima
446 2518 606 2620 quidem,
621 2541 746 2615 'quum
770 2515 903 2587 nullius
919 2515 963 2587 sit
987 2516 1171 2590 momenti.
1212 2514 1332 2591 Lacu·

253 2664 383 2711 narum
410 2635 632 2735 investigatio
661 2635 790 2712 nullius
813 2635 918 2734 plene
945 2633 1079 2735 'negotii
1105 2627 1160 2709 res
1185 2655 1246 2712 est.
1290 2735 1293 2744 .

349 2775 527 2878 Equidem
561 2777 724 2871 Goettio,
757 2777 950 2880 interprete
985 2779 1199 2873 vernaculo,
1237 2776 1334 2853 duce

223 2887 465 2999 'iampridem
503 2898 725 2971 conieceram
757 2902 795 2970 in
828 2899 927 2996 quod
961 2898 1160 2973 Baiterum·
1184 2926 1333 3000 quoqne

251 3017 304 3092 V.·
335 3019 382 3091 D.
420 3018 623 3093 coniectura
673 3018 836 3092 incidisse
885 3020 1069 3117 comperio
1112 3047 1154 3095 ex
1192 3019 1332 3096 Orellio

250 3139 298 3214 V.
325 3138 379 3212 Cl.

330 3277 403 3352 Sed
426 3277 519 3352 hanc
542 3279 753 3378 opinionem
778 3281 887 3379 plane
908 3282 1050 3356 missam
1071 3280 1159 3372 feci,
1190 3307 1234 3355 ex
1258 3307 1332 3379 quo

251 3395 428 3504 intellexi,
454 3401 604 3473 ie‘rbum
623 3403 904 3496 praeveniendi
928 3426 1102 3498 nusquam
1129 3401 1205 3476 alio·
1222 3427 1332 3476 sensu

145 3551 180 3606 A·
249 3514 321 3618 legi
344 3515 412 3587 nisi
440 3533 479 3587 ut
509 3518 553 3589 sit
580 3519 602 3590 i.
626 3544 658 3615 q.
689 3539 934 3616 praevertere,
968 3541 1160 3620 occupare.
1216 3521 1333 3608 Quod

212 3637 214 3642 '
251 3639 361 3732 quum'
386 3636 435 3707 ita
449 3637 537 3730 sint,
572 3639 753 3734 quomodo
770 3641 928 3715 Velleius
953 3639 1071 3715 dicere
1097 3662 1236 3744 poterat
1254 3647 1331 3716 s'ese

208 3777 210 3782 ’
249 3756 293 3828 ab
314 3757 480 3854 Augusto
499 3757 536 3827 in
559 3757 671 3854 ipsius
695 3759 765 3832 vita
788 3761 976 3835 scribenda
997 3786 1233 3861 praeventum
1250 3789 1332 3838 esse

250 3894 284 3945 et
308 3873 554 3975 occupatum?
627 3875 859 3952 Praevenitur
886 3882 1032 3961 nonnisi
1054 3883 1102 3977 is,
1129 3884 1192 3982 qui
1218 3883 1333 3981 etipse

249 3993 455 4091 praevenire
488 3995 670 4092 potuisset.
746 3997 979 4097 Quapropter
1017 4027 1124 4076 nemo
1148 3991 1333 4102 suam'ip-

250 4109 320 4182 sius
352 4113 460 4184 vitam
494 4112 730 4188 describendo
761 4117 944 4216 praevenit
976 4145 1080 4216 eum,
1121 4123 1183 4222 qui
1216 4101 1334 4198 tribus

248 4231 368 4304 lustris
392 4254 472 4331 post
499 4233 595 4308 idem
623 4261 716 4334 opus
744 4237 905 4338 suscipit.¹
963 4239 1061 4340 Ergo
1093 4241 1138 4317 de
1168 4242 1341 4345 Augtnto
