2958 5038
196 456 199 465 ·
243 399 249 504 s
306 457 377 532 114

256 675 260 696 ·
304 673 376 722 essa
408 667 603 722 nrnrrnerat
666 647 759 720 Diao
792 673 882 748 qnae
909 628 1030 748 supra!
1047 647 1232 746 leguntur:
1271 645 1372 720 Nulla

301 767 475 840 festinatio
507 766 611 842 buius
640 767 708 842 viri
723 749 943 842 'mentionem
967 765 1169 867 transgredi
1193 765 1316 860 debet3
1342 785 1373 839 tt

302 887 346 960 al.
362 887 460 960 loco:
473 929 524 952 u·-
545 887 756 970 Consulatus
773 887 943 984 Caesaris,
968 890 1031 989 qui
1050 888 1219 964 scribenti
1239 915 1372 960 manum

304 1005 415 1080 iniicit
432 1027 467 1079 et
485 1009 678 1104 quamlibet
702 1006 927 1082 festinantem
946 1009 984 1082 in
1005 1033 1042 1082 se
1059 1007 1194 1082 morari
1217 1007 1374 1108 cogit-»-

138 1205 144 1213 ,
198 1181 203 1188 .
302 1125 388 1197 Dux
412 1147 529 1199 autem
547 1127 660 1226 quib.
680 1129 704 1200 l.
729 1127 858 1202 dicitur
873 1127 991 1202 Varus
1015 1148 1084 1222 ert,
1105 1154 1180 1202 non
1200 1126 1373 1221 Tiberium

303 1245 342 1318 id
362 1245 460 1343 quod
480 1248 583 1320 ctiam
609 1265 683 1321 toto
704 1249 920 1349 insequentis
942 1249 1150 1323 narrationis
1168 1269 1292 1322 tenore
1311 1248 1374 1322 veri

303 1366 524 1440 simillimum
551 1365 720 1441 redditur.
754 1345 782 1391 '⁹

379 1506 543 1578 Verbum
557 1503 770 1604 indulgendi
790 1507 941 1580 neutrali
961 1533 1064 1580 sensu
1086 1507 1244 1606 positum
1259 1534 1371 1610 quam·

303 1627 356 1703 vis
380 1654 459 1726 non
482 1625 634 1701 babeam
665 1619 955 1731 quodxexemplo
980 1631 1102 1730 aliquo
1131 1657 1173 1702 ex
1197 1629 1278 1728 ipsa
1300 1629 1373 1704 vet-

303 1746 373 1819 leio
408 1744 600 1846 desumpto
634 1750 866 1843 confirmem,
905 1767 1028 1823 tamen
1051 1749 1374 1850 lexicograpborum

303 1866 508 1940 auctoritate
544 1864 677 1954 nititur.
733 1867 800 1940 ‘De
831 1869 1004 1950 sententia
1040 1891 1160 1942 autem
1196 1895 1374 1968 compares

303 2015 392 2087 quae
417 1989 511 2080 inira
536 1987 722 2084 leguntur:
760 1989 885 2082 „Quis
910 1973 985 2062 non
1010 1991 1171 2062 miretur
1189 1992 1375 2064 Fortunae

302 2111 610 2206 indulgentiam?
617 2115 640 2158 “

336 2364 342 2378 ,
372 2269 492 2347 Huius
518 2272 901 2354 commentatiunculae
929 2272 965 2343 in
991 2273 1064 2346 fine
1094 2271 1266 2371 ostendo,
1303 2270 1374 2347 satia

300 2389 404 2470 iacila
437 2413 521 2500 post
545 2395 783 2498 neptuniae
806 2377 968 2470 excidere
988 2377 1145 2500 potuisse
1172 2417 1301 2467 vocem
1327 2392 1373 2466 al·

301 2517 407 2585 latae
430 2514 584 2612 (allae),
618 2511 789 2591 nimirum
816 2514 862 2584 ob
890 2512 1075 2586 literarum
1104 2513 1371 2594 similitudinem.

303 2629 550 2724 Quamobrem
581 2633 632 2706 sic
664 2631 763 2705 hunc
795 2617 917 2712 locuni
948 2631 1239 2707 constituendum
1274 2633 1375 2712 conii·

299 2751 433 2822 cimus:

295 2909 308 2934 ι
402 2925 428 2959 ,,
445 2874 611 2944 Tantum
641 2874 745 2976 quod
767 2874 941 2952 ultimam
966 2875 1202 2977 imposuerat
1233 2875 1375 2954 Panni-

402 2996 486 3076 nico
535 2994 592 3063 acl
626 2993 842 3064 Delmatico
886 2992 980 3066 hello
1025 2993 1172 3065 Caesar
1215 3005 1375 3086 manum,

403 3139 487 3187 aum
517 3115 622 3185 intra
651 3116 816 3215 quinque
848 3115 1098 3191 consummati
1131 3116 1233 3186 tanti
1257 3113 1376 3218 operis

402 3225 484 3310 dies
497 3235 687 3341 funestae
712 3260 757 3305 ex
788 3228 1000 3305 Germania
1029 3233 1215 3340 epistulae
1239 3237 1377 3314 allatae

401 3355 503 3426 caesi
537 3355 636 3432 Vari
666 3355 1020 3456 trucidatorumque
1047 3355 1238 3458 legionum
1269 3358 1378 3427 trium

338 3488 346 3504 '
401 3476 633 3580 totidemque
655 3475 807 3564 alarum
829 3485 867 3544 et
888 3475 1202 3576 nosochomium,
1226 3475 1377 3554 velutin

400 3595 473 3665 ltoa
495 3596 596 3664 saltu
627 3587 889 3670 tantummodo
916 3595 1024 3666 nobis
1051 3595 1270 3692 indulgente
1286 3593 1376 3666 For·

402 3725 512 3806 tuna,
540 3737 567 3781 a
592 3739 652 3789 me
680 3715 768 3786 lieet
796 3705 979 3811 occupato
1008 3717 1115 3787 ducis
1143 3727 1181 3787 et
1206 3739 1323 3796 causa
1344 3723 1378 3783 et

393 3835 567 3934 persona
586 3855 735 3922 moram
756 3838 906 3935 exigitss
