2968 5046
93 656 189 754 genti
226 677 316 728 esset
355 658 562 748 obstrictus,
603 653 801 728 Curionem
847 680 867 727 a
901 653 1049 731 Caesare
1084 637 1174 736 libe·

95 797 236 878 ratum5
262 775 338 847 ille:
383 831 405 870 „
417 759 643 869 Consimilis,
672 759 809 882 iuqrria,
836 776 981 849 mutatio
1002 778 1040 850 in
1065 778 1174 856 domo

95 897 296 992 Curionum
324 896 472 992 exstitit,
500 895 681 997 siquidem
708 897 829 967 lorum
856 917 1016 970 nostrum
1045 920 1080 972 et
1112 929 1173 1001 pa-

93 1017 153 1088 tris
171 1017 418 1114 gravissimum
435 1018 670 1116 supercilium
691 1034 725 1087 et
745 1015 810 1086 filii
832 1021 1035 1112 sexcenties
1052 1042 1173 1094 sester-
1271 1070 1276 1086 r

48 1209 51 1222 ‚
93 1137 184 1206 tium
207 1137 296 1208 aeris
322 1138 427 1240 alieni
457 1141 610 1238 aspexit,
637 1158 861 1212 contractum
889 1137 1020 1210 famosa
1045 1142 1174 1216 iniuria
1243 1185 1247 1192 ·
1354 1195 1356 1204 ,

93 1243 297 1330 iuvenum“
314 1261 386 1356 ²⁰).
446 1259 568 1345 Quare
591 1285 704 1358 quum
729 1257 929 1356 perplaceat
957 1258 1069 1357 Lipsii
1095 1290 1173 1337 cor·

93 1377 218 1470 rectio,
246 1403 325 1450 eam
352 1404 399 1450 ue
422 1407 442 1449 a
468 1379 596 1454 Servio
623 1377 772 1479 quidem
799 1361 914 1475 deque
940 1406 958 1449 a
981 1379 1172 1456 Scholiaste

92 1494 231 1570 Lucani
258 1523 415 1594 quorum
449 1517 600 1597 uterque
627 1525 646 1570 a
678 1495 899 1600 Ruhnkepio
927 1505 1094 1571 'evocatus
1122 1524 1173 1590 est

94 1613 261 1688 recedere
305 1613 567 1691 demonstrabo.
647 1617 726 1714 Age
759 1605 873 1707 enim,
907 1619 1056 1715 propius
1084 1623 1173 1717 aspi-

94 1735 162 1807 cias¹
202 1761 371 1808 numeros
409 1736 487 1807 illos
530 1763 549 1808 a
587 1735 806 1824 Ruhnkeuio
847 1734 989 1808 allatos:
1037 1743 1171 1834 decies,

95 1859 267 1929 XXVII
286 1877 322 1928 et
336 1945 339 1958 1
353 1860 560 1926 sexcenties
583 1855 758 1950 (centies).
818 1850 1000 1928 Numerus
1027 1886 1174 1934 sexcena

95 1980 164 2048 ties
199 1977 291 2049 notis
327 1971 571 2048 numeralibus
603 1971 755 2074 scriptus
785 1975 957 2076 originem
992 1975 1091 2049 dorsu
1121 1981 1173 2053 illi

95 2097 314 2169 scholiastae
330 2101 482 2167 uume‘ro
508 2098 640 2167 decies.
676 2095 730 2168 Ex
751 2096 844 2166 uotis
859 2097 1026 2166 DCIES
1040 2099 1174 2196 facium

95 2217 146 2288 est
184 2215 376 2300 DECIES„
439 2214 568 2287 Haud·
585 2215 736 2287 absimili
776 2214 914 2288 ratione
955 2218 1173 2292 vocabulum
1219 2248 1224 2270 ¹

95 2336 301 2408 sexcenties
339 2336 387 2408 ita
420 2336 611 2434 scriptum:
646 2333 719 2428 VI,
747 2334 784 2405 C.
809 2335 884 2406 IES
919 2339 994 2432 (=
1018 2339 1173 2433 centies)

95 2459 282 2557 acceptum
325 2455 377 2528 est¹
417 2465 484 2556 pro
537 2457 652 2527 vicies
701 2457 839 2550 septies
848 2483 864 2545 ,·
916 2441 1032 2528 uicies
1062 2459 1173 2532 -euim
1213 2499 1229 2512 ν·
1258 2451 1262 2459 ’
1293 2493 1296 2506 ·

95 2595 217 2649 ortum
256 2596 308 2647 est
350 2603 392 2648 ex
436 2573 559 2649 tribus·
594 2575 688 2647 notis
721 2573 808 2646 VIC
849 2575 972 2672 (vic),
1021 2605 1174 2676 quarum

95 2695 188 2770 duae
216 2695 355 2795 priores
369 2694 423 2766 VI
448 2721 639 2794 perperam
662 2719 728 2793 pro
747 2694 858 2766 literis
883 2698 923 2765 vi
939 2694 1173 2772 haberentur.

94 2817 194 2914 Ergo
225 2813 375 2927 dubium
404 2842 480 2888 non
507 2836 575 2908 est,
605 2839 728 2886 omues
753 2813 828 2886 illas
851 2813 1020 2886 lectiones
1046 2816 1174 2892 eodem

95 2934 311 3030 convenire,
342 2935 567 3036 eandemque
593 2935 639 3008 ad
663 2961 840 3028 summam
869 2933 998 3007 redire.

135 3190 186 3266 ²⁰)
210 3181 347 3249 'conferas
370 3203 401 3250 et
424 3214 502 3271 quaer
518 3197 626 3269 Lipsius
646 3197 704 3265 ipre
727 3197 757 3248 ei
780 3199 850 3264 quae
873 3173 1014 3248 Manutius
1031 3196 1175 3252 Heinsius-

211 3317 266 3368 quc
286 3301 321 3352 ad
343 3301 416 3353 bunc
435 3299 525 3362 locum
546 3301 679 3354 dixerunt.
