2968 5046
251 516 300 568 XX

252 649 475 778 Basileeuse3
518 694 680 780 quartum
732 679 882 779 denique
927 705 946 752 a
982 677 1121 752 Meiere
1147 673 1334 750 'collatum

254 795 375 871 refert

173 981 178 990 ¹
336 947 453 1024 Nobis
484 960 604 1023 'autem
642 945 723 1022 huic
757 959 923 1048 quattuor
952 943 1193 1044 exemplorum
1223 943 1330 1018 colla·

252 1067 339 1140 tioui
366 1064 435 1136 alia
455 1063 567 1136 'etiam
585 1062 654 1135 duo
684 1062 845 1160 exempla
872 1073 913 1136 ut
938 1059 1147 1133 adderemus
1175 1061 1333 1158 contigit

252 1180 417 1253 Duorum
447 1179 539 1250 euim
565 1176 732 1251 Virorum
763 1177 991 1251 Summorum
1024 1172 1148 1246 Liberi
1178 1173 1333 1250 Baronis

254 1293 381 1369 Steiuii
423 1290 467 1364 ab
502 1287 724 1384 Altensteiu,
767 1287 985 1366 Administri
1027 1288 1118 1386 regii
1151 1285 1335 1363 Borussici

252 1407 500 1504 Wilheniique
524 1405 580 1477 Ill.
603 1405 818 1479 humanitate
845 1402 1094 1477 humanissime
1128 1399 1231 1474 nohis
1250 1429 1333 1476 cou-

253 1549 392 1596 cessum
407 1531 473 1611 est,
489 1530 528 1593 ut
548 1519 643 1620 quod
661 1520 860 1592 Lehmauui
878 1518 934 1594 Cl.
951 1520 1091 1590 nomine
1106 1517 1333 1615 petieramus,
1480 1519 1481 1562 l

252 1663 273 1708 a
301 1637 401 1735 regia
432 1630 645 1705 bibliotheca
676 1633 900 1708 Berolineusi
931 1631 1000 1704 huc
1034 1634 1333 1707 transmitteretur

254 1747 350 1849 quod
379 1745 480 1820 isthic
511 1759 565 1818 est
586 1745 762 1820 Editionis
785 1746 991 1822 Velleianae
1019 1746 1186 1844 principis
1216 1774 1334 1820 exem·

251 1862 360 1962 plum.
405 1862 581 1955 Quocum
599 1887 640 1934 eo
670 1887 740 1960 quo
761 1862 874 1960 patria
897 1857 1110 1932 bibliotheca
1128 1871 1250 1934 oruata
1279 1876 1336 1937 est

96 2025 98 2038 ·
254 1967 414 2074 eiemplo
442 1985 663 2073 comparato,
693 1974 886 2074 eodemque
909 1972 1015 2046 simul
1046 2002 1125 2047 cum
1148 1973 1333 2050 Orelliana

254 2088 495 2189 exemplorum
510 2088 697 2162 collatione
712 2091 917 2188 composito,
929 2089 1075 2162 edoctus
1091 2118 1168 2162 sum
1186 2088 1255 2162 duo
1272 2089 1334 2163 illa

254 2202 413 2304 exempla
446 2215 481 2276 et
509 2205 668 2276 inter'se
698 2217 733 2277 et
764 2231 784 2276 a
813 2203 960 2302 reliquis
988 2202 1091 2277 libris
1121 2205 1334 2304 discrepare.

293 2367 327 2435 1.
361 2356 441 2457 po.
468 2385 500 2431 v.
511 2364 568 2434 11.
606 2329 775 2432 Chalcide
790 2358 1018 2458 Erethryam]
1058 2358 1331 2438 Turiaxxvl.

271 2553 274 2558 ,
363 2469 429 2546 56.
473 2469 644 2546 Chalcida
669 2470 881 2547 Erethriam.
913 2472 1034 2547 Tur-ic.
1060 2472 1107 2546 R.
1124 2473 1186 2548 81.
1222 2476 1333 2551 Basil.
1382 2533 1387 2546 .

367 2585 493 2660 Meier.
540 2593 782 2673 {Iambus-g.
806 2595 851 2657 et
878 2587 998 2660 Berol.

293 2717 330 2792 2.
369 2748 406 2819 p.
424 2717 481 2792 50
509 2722 546 2791 iu
574 2746 684 2819 marg.
708 2720 771 2793 al’s
800 2704 999 2795 destituerit
1027 2724 1096 2794 nisi
1115 2724 1223 2821 paulo
1252 2737 1334 2800 aute

367 2833 454 2906 velis
477 2833 597 2933 legere
623 2832 843 2928 obtinebant]
883 2835 1057 2936 Exempla
1074 2838 1209 2930 omnia,
1241 2837 1331 2934 (nou

368 2959 515 3045 excepto
534 2947 678 3046 Berol.)
707 2961 847 3046 praeter
875 2948 984 3024 Basil.
1017 2960 1062 3021 et
1088 2935 1333 3042 llamburg'.

297 3081 335 3157 5.
365 3109 449 3186 pag.
464 3081 520 3157 40
545 3079 620 3156 v.7
650 3081 695 3155 ab
724 3075 792 3156 ima
819 3111 902 3185 pag.
931 3113 976 3159 ae
1004 3087 1149 3190 deflere]
1207 3086 1329 3162 Tur-ic.

365 3209 565 3296 utrumque.
621 3195 740 3276 Berol.
772 3196 897 3274 Meier.
942 3227 1005 3276 nec
1038 3202 1171 3305 deflme
1218 3200 1329 3276 Basil.

366 3321 412 3382 et
435 3318 677 3402 flamburg.

293 3443 330 3518 4.
364 3467 444 3540 pag.
463 3433 516 3515 68
546 3469 658 3543 marg.
689 3473 722 3520 v.
741 3445 780 3520 9.
807 3440 923 3541 suste]
971 3446 1093 3524 Turio.
1128 3459 1327 3547 utrumque.

360 3555 479 3631 Berol.
503 3557 648 3632 llleierr.
663 3555 754 3655 fusti
777 3549 887 3634 Basil.
914 3571 964 3632 et
984 3569 1227 3652 Homhurg.

251 3801 256 3810 Ι
292 3689 330 3769 5.
360 3717 395 3788 p.
406 3687 470 3766 68.
490 3717 603 3790 marg.
621 3719 653 3764 v.
666 3691 704 3771 9.
739 3695 885 3770 Tacitus
898 3695 1168 3795 Rhescrcporim]
1201 3698 1327 3776 Turio.

364 3815 564 3904 utrumque.
622 3805 747 3894 Meier.
783 3819 829 3880 et
865 3796 1106 3895 manium.
1139 3809 1179 3884 et¹
1210 3814 1330 3886 Berol.
1365 3839 1369 3844 ·

364 3919 510 3994 Tacitus
536 3917 802 4022 Rhescuporim.
832 3919 943 3999 Basil.

292 4052 329 4128 6.
360 4056 405 4128 Iu
418 4053 560 4129 Burerii
575 4049 783 4154 Appendice
808 4057 927 4131 critica
954 4053 1084 4154 pagi.
1110 4087 1144 4135 v.
1161 4059 1200 4137 2.
1232 4087 1328 4136 ma·
1444 4117 1449 4131 .

363 4170 527 4264 talaiam]
542 4169 813 4270 Turicxlllll,
820 4167 886 4248 56.
896 4170 1013 4245 Meier
1032 4159 1327 4263 efflemburg.

358 4285 556 4377 maiolum]
586 4284 707 4363 Turio.
735 4284 781 4361 R.
812 4282 930 4362 Borol.
947 4282 1009 4360 81.
1040 4283 1149 4362 Basil.
