2968 5046
1171 539 1243 602 ux

84 697 91 706 ’
157 714 272 782 tiones
297 731 369 778 nou
385 715 581 780 annotasse.
639 686 774 781 Verdm
792 706 858 779 hos
882 733 1003 780 omnes
1016 709 1113 780 locos
1131 731 1236 781 sanos
1352 735 1357 754 ¹

158 849 236 896 esse
259 818 434 920 ¹equidem
457 819 493 890 iu
521 816 901 894 Animadversiouibus
929 821 1010 895 huie
1040 820 1130 894 libro
1153 821 1237 894 adii·
1266 823 1272 834 ’

159 933 294 1010 ciendis
316 931 502 1006 ostendere
526 933 691 1040 coupbor.
750 935 915 1033 Denique
940 934 1036 1034 quod
1057 934 1102 1008 ad
1121 936 1236 1033 ipsum

149 1050 293 1148 'codicis
312 1045 434 1122 Murn.
458 1052 665 1147 scriptorem
693 1051 836 1141 attinet,
851 1050 1067 1123 dormitavit
1095 1048 1237 1150 quidem

162 1189 288 1262 saepe,
306 1161 310 1172 '
328 1187 443 1259 neque
475 1172 591 1235 tamen
617 1165 733 1234 omnia
763 1189 854 1262 quae
885 1162 1080 1236 editoribus
1109 1175 1145 1236 et
1175 1165 1261 1262 qui¹

162 1279 306 1350 luerunt
334 1277 454 1374 etqui
484 1288 590 1349 eruut
613 1274 817 1374 scrupulum
847 1279 1007 1350 iniieiunt
1030 1277 1114 1349 vitia
1142 1275 1239 1350 solus

162 1389 380 1466 commisisse
415 1390 593 1486 putandus
621 1403 686 1463 est.
747 1391 840 1465 Nam
869 1389 1068 1488 complures
1102 1411 1240 1464 errores

162 1505 205 1578 ab
240 1530 282 1576 eo
318 1502 400 1576 iude
438 1514 596 1603 tempore¹
630 1506 667 1574 in
697 1517 831 1578 textum
867 1504 994 1579 Velleii
1022 1501 1241 1600 irrepserunt

163 1645 235 1718 quo
250 1605 453 1690 maiusculis
475 1618 585 1691 literis
609 1619 765 1691 scrihere
782 1617 981 1693 utebantur.
1013 1617 1094 1692 vid.
1109 1617 1238 1690 liraus.

163 1733 217 1807 ed.
246 1757 327 1832 pag.
343 1729 408 1804 54.
465 1731 634 1804 Testatur
656 1731 828 1806 Burerius
855 1733 899 1804 ad
925 1719 974 1804 l'l.
988 1729 1053 1804 29.
1083 1730 1240 1806 codicem

162 1846 284 1922 Μαι-1).
314 1845 425 1940 literis
442 1839 679 1938 minusculis,
708 1851 865 1921 cursivas
879 1845 881 1855 '
895 1857 1041 1938 vocant,
1071 1846 1241 1944 scriptum
1288 1939 1291 1946 .
1407 1859 1412 1873 ’

161 1987 260 2036 esse:
286 1958 390 2032 nohis
415 1971 531 2033 autem
548 1986 593 2031 ex
618 1961 747 2034 tabella
771 1987 877 2061 quam
899 1959 991 2033 libro
1009 1961 1241 2063 annexuimus

162 2075 257 2152 effici
285 2073 443 2166 videtur,
481 2071 612 2145 librum
642 2075 742 2147 illum
771 2078 922 2148 fortasse
954 2072 1124 2148 Seculum
1146 2073 1242 2145 xlv

163 2215 236 2261 uon
249 2188 451 2263 excessisse.
501 2185 632 2260 Omnia
650 2190 742 2261 euim
767 2187 896 2286 quibus
919 2191 974 2260 nsi
1000 2213 1120 2260 sumus
1139 2188 1242 2285 sigua

163 2303 210 2376 ad
239 2302 307 2376 hoc
338 2329 408 2375 sec.
428 2300 621 2399 pertinent.

250 2440 353 2533 Quae
394 2463 472 2510 cum
510 2438 558 2509 ita
596 2439 685 2530 siut,
730 2436 887 2509 codicem
923 2432 1244 2507 Amerhachianum

164 2555 194 2627 si
225 2579 297 2626 nou
330 2553 436 2649 plane
472 2577 663 2651 aequemus
698 2551 840 2624 Burerii
873 2550 1094 2640 auctoritati,
1127 2558 1244 2620 tamen

162 2667 262 2740 nullo
290 2666 396 2740 modo
419 2664 731 2763 vilipendendum
758 2692 836 2738 esse
858 2664 1027 2736 ducimus.
1077 2660 1245 2744 Editioue

161 2780 328 2855 Rhenani
364 2792 399 2855 et
437 2780 661 2852 annotatione
698 2779 840 2873 Buterii
878 2776 983 2849 simul
1019 2804 1099 2850 oum
1130 2801 1245 2849 exom-
1300 2843 1302 2852 ,

162 2896 255 2996 plari
300 2922 413 2995 nuper
460 2892 552 2966 edito
588 2889 876 2964 Amerbuolriano
917 2902 1062 2965 utantur
1101 2914 1246 2962 necesse
1362 2922 1368 2933 ’

163 3021 220 3084 est
248 3011 360 3082 futuri
390 3008 516 3083 Velleii
543 3007 721 3079 Editores.
787 3077 791 3087 ι
1065 3019 1070 3024 ’

253 3142 395 3244 Operae
420 3146 523 3216 etiam
547 3143 699 3240 pretium
727 3141 793 3211 crit
810 3140 970 3218 ,animum
984 3136 1177 3238 ¹advertere
1201 3135 1246 3206 ad

163 3261 282 3331 varias
313 3285 403 3357 quiae
441 3259 478 3327 in
517 3258 593 3355 ipsa
629 3253 798 3341 Editioue
834 3251 992 3349 principe
1023 3251 1248 3347 reperiuntur

162 3372 379 3472 scripturas:
409 3370 504 3470 quod
534 3368 589 3442 his
623 3366 766 3472 diebus,
783 3391 854 3436 non
884 3367 958 3438 sine
990 3363 1251 3460 utilitatatem

164 3485 339 3561 Orellius.

259 3620 493 3694 Ruhnkeuius
515 3620 651 3717 primns
675 3616 782 3708 vidit,
811 3615 848 3684 in
875 3605 1013 3684 duolius
1040 3637 1129 3710 quae
1157 3610 1250 3682 iuter

111 3783 122 3814 ι
163 3761 207 3810 se
241 3737 405 3809 conferre
435 3731 571 3828 solebat
610 3730 778 3803 editionis
798 3726 1050 3800 Rhenauianae
1082 3722 1250 3820 exemplis
1361 3745 1365 3749 ·

164 3851 264 3923 binis
300 3849 387 3922 locis
424 3850 538 3919 varias
570 3856 707 3918 exstare
744 3843 925 3915 lectiones.
986 3839 1148 3911 Eandem
1176 3860 1250 3907 rem
1360 3827 1363 3837 ¹

167 3963 332 4037 Orellius
378 3951 592 4034 accuratius*
619 3959 727 4032 etiam.
758 3955 1031 4055 perscrutatus,
1085 3960 1252 4049 quattuor

164 4082 241 4152 iam
270 4081 364 4151 iuter
391 4102 430 4147 se
461 4074 657 4145 differentia
688 4069 927 4168 exemplorum
952 4091 1083 4166 genera
1110 4065 1252 4160 reperit.

159 4187 333 4266 Contulit
369 4188 460 4260 euim
494 4187 564 4260 duo
601 4183 846 4284 quaesturiei
876 4190 959 4252 sunt
988 4177 1170 4277 exempla,
1204 4176 1252 4247 al·
1367 4244 1371 4252 ,

167 4318 287 4380 terum
317 4314 484 4378 notatum
499 4299 644 4390 xxvl,
667 4295 743 4391 56,
773 4297 922 4369 alterum
948 4292 995 4365 R.
1013 4297 1081 4384 81,
1111 4291 1253 4365 tertium
1303 4375 1306 4384 Ι
