2968 5046
320 721 353 761 .,‚
361 670 509 740 Metelli
530 682 659 740 tomen
677 679 715 739 et
739 663 954 767 tiiumphue
961 669 1046 762 fuit
1063 667 1308 758 clarissimus,

330 802 368 860 et
392 791 569 862 meritum
591 791 736 882 uirtuti
756 801 859 894 ciue
885 813 1090 884 cognomen
1115 787 1310 860 Numidici
1412 823 1414 833 ι

247 929 252 943 ’
330 911 536 983 inditum<
853 1005 855 1010 ,
982 957 984 966 ι
1213 986 1221 994 ,

229 1028 283 1104 Ite
323 1028 360 1102 in
402 1030 495 1102 libro
525 1029 571 1102 II.
614 1055 645 1104 c.
673 1031 717 1116 ,ιθ
753 1059 789 1130 p.
824 1054 892 1103 120
944 1027 1001 1101 ed.
1037 1009 1184 1099 Ruunt.
1223 1025 1310 1098 Vel·

229 1151 337 1223 leiur:
367 1204 407 1243 .„
418 1149 527 1222 Cuius
560 1149 681 1250 pietati
725 1152 868 1250 plenam
903 1147 1057 1248 populus
1089 1147 1133 1220 R.
1162 1145 1311 1244 gratiam

230 1267 443 1342 reddiditfe
473 1267 684 1341 conferatur
707 1268 832 1362 etiam,
859 1268 888 1340 si
910 1267 997 1340 tanti
1014 1288 1083 1372 est,
1109 1265 1155 1337 de
1177 1275 1210 1340 ν’.
1234 1291 1310 1337 me-

230 1393 347 1462 ritum
378 1386 479 1489 quod
505 1387 739 1461 Ruhnkenius
761 1388 913 1489 sumpsit
943 1385 1159 1485 exemplum:
1191 1385 1313 1478 ·,{Qui

229 1511 407 1581 meritum
432 1532 635 1602 cognomen
662 1511 725 1580 Pii
750 1521 997 1605 consequutus
1018 1509 1155 1586 orot.“‚¹
1188 1504 1313 1579 Krau-

229 1629 364 1728 sianaru
387 1653 473 1700 vero
499 1626 690 1700 lectionem
721 1647 787 1720 „et
808 1618 977 1699 meritum
998 1627 1129 1704 virtute
1151 1626 1312 1726 utique“

197 1755 203 1770 '
230 1747 383 1819 aliorum
409 1772 452 1817 ex
482 1745 694 1818 coniecturis
721 1749 934 1838 conflatam,
968 1764 1158 1845 notamque
1184 1745 1310 1839 ventis,

229 1868 343 1941 ventis
371 1860 572 1938 reddamus.
790 1865 793 1877 ¹
879 1951 881 1962 Ι
1196 1947 1200 1952 ,

326 1987 373 2060 Et
403 1986 461 2060 vix
483 2006 569 2078 est,
608 1967 708 2084 quod
747 1982 889 2078 dicam,
934 2009 1058 2060 notam
1092 1987 1148 2083 ei9
1182 1985 1311 2084 (eius)

229 2107 489 2207 facillime'pro
514 2107 618 2178 litera
642 2133 676 2204 q.
701 2107 806 2205 (quc)
830 2106 943 2206 accipi
963 2107 1129 2206 potuisse.

328 2224 459 2327 Neque
485 2225 612 2324 religio
638 2225 707 2298 erit
732 2251 868 2324 ponere
894 2225 934 2299 h.
955 2228 979 2299 l.
1001 2227 1069 2298 alia
1090 2223 1196 2326 atque
1214 2225 1313 2300 Rhe-

145 2369 166 2418 .‘
230 2348 383 2421 noniano
404 2343 682 2445 interpungendi
705 2325 818 2444 cigna.
832 2347 840 2376 ·’
861 2345 1067 2444 Langueret
1083 2345 1181 2419 enim
1198 2345 1313 2419 oratio

160 2534 166 2544 ,
230 2468 415 2568 εἱφιίν-
434 2465 534 2566 quod
549 2465 640 2542 mihi
655 2491 801 2565 quoque
818 2451 906 2539 olim
920 2466 958 2539 in
980 2487 1140 2540 mentem
1157 2465 1314 2542 veuit-

230 2587 416 2661 scriberet:
445 2606 480 2658 et
501 2568 703 2684 triumphus
728 2585 797 2660 fuit
821 2587 1060 2679 clarissimus,
1086 2608 1122 2659 et
1146 2586 1312 2658 meritum

202 2719 297 2794 1(sc.
328 2705 563 2779 clarissimum
595 2704 702 2792 fuit):
737 2705 931 2808 virtutique
957 2712 1013 2806 (r.
1035 2708 1200 2808 quippe)
1239 2704 1314 2777 eius

230 2852 432 2928 cognomen
451 2822 639 2898 Numidici
661 2823 829 2899 inditum.
881 2827 994 2900 Recte
1007 2865 1008 2870 κ
1023 2827 1117 2900 enim
1135 2824 1315 2901 Krousius

230 2946 492 3039 animadvertit,
527 2944 569 3016 iis
609 2970 699 3044 quae
735 2947 847 3044 capite
889 2950 932 3020 15
964 2948 993 3045 ᾗ.
1016 2951 1049 3020 4.
1083 2948 1314 3046 legerentur:

229 3069 459 3158 „Metellue,
505 3067 571 3162 qui
612 3067 789 3137 meritum
835 3089 1038 3160 cognomen
1082 3070 1146 3140 Pii
1187 3093 1314 3141 conee-

231 3200 369 3288 quutuc
393 3197 520 3278 erot,“
554 3167 735 3286 tunquam
763 3186 969 3258 memoriter
1002 3186 1046 3258 ab
1075 3185 1170 3279 hoc,
1204 3214 1314 3289 quem

230 3326 440 3397 tractamus,
472 3305 556 3377 loco
585 3304 740 3404 repetitis
773 3303 928 3398 ostendi,
959 3308 1110 3380 verbum
1134 3311 1315 3380 meritum

146 3489 149 3501 .
229 3424 457 3526 participium
488 3450 573 3519 esse,
601 3453 675 3500 non
702 3427 969 3502 substantivum.
1024 3426 1188 3522 Accedit,
1213 3427 1315 3528 quod

230 3546 448 3620 vocabulum
477 3547 643 3619 meritum
668 3572 711 3620 eo
738 3573 811 3648 quo
832 3548 1000 3622 volumus
1033 3574 1158 3643 censu,
1201 3567 1240 3621 ut
1266 3549 1314 3621 sit

231 3667 536 3766 francogallorum
572 3721 594 3761 ‚‚
603 3665 636 3740 le
666 3667 824 3740 meriw‘
861 3667 1036 3769 singulari
1069 3693 1222 3744 numero
1246 3693 1314 3770 po·

232 3788 338 3865 situm
357 3785 416 3863 vix
441 3788 645 3888 reperiatur.
669 3829 715 3845 -
814 3796 817 3809 '
