2958 5038
1159 499 1298 586 etp

127 685 308 759 falluntur
343 686 584 787 lexicographi
621 706 657 759 et
683 685 809 759 Cicero
842 707 878 758 et
905 687 1026 762 Livius
1058 690 1206 761 verbum

127 804 226 878 illud
258 805 383 879 eadem
404 816 497 895 jeron
526 806 667 882 Velleio
699 808 954 906 significatione
987 811 1202 909 usurparint.

128 920 419 1022 Rectissimeque¹
444 927 667 1004 Forcellinus
684 925 799 1002 -bunc
830 928 948 1027 ipsum
983 927 1104 1000 locum
1134 955 1205 1001 una
1319 1003 1324 1018 ,
1374 1001 1376 1008 ⁴

129 1071 216 1116 cum
230 1042 438 1117 Lucaniano
459 1042 616 1143 <prodam
639 1045 907 1143 significationis
923 1044 1019 1116 illius
1034 1065 1204 1144 tanquam

129 1162 393 1238 documentum
415 1164 542 1285 posuit.
665 1159 669 1170 ’

460 1533 713 1625 carun
741 1531 882 1626 nvn
958 1483 966 1546 ²

323 1659 325 1676 '
430 1697 497 1752 van.
511 1695 551 1750 11.
568 1691 612 1750 ao.
628 1693 654 1752 2.
677 1689 752 1765 pet
765 1695 805 1750 aa
824 1695 905 1750 orn.

130 1893 133 1898 .
211 1845 427 1922 „naama
452 1850 484 1909 a
503 1843 802 1912 amaracum
825 1857 859 1907 er
877 1839 998 1930 senape
1018 1833 1141 1911 deese
1157 1851 1205 1912 aa

127 1969 209 2032 quae
230 1950 304 2012 atie
316 1946 486 2032 parcebam
507 1949 672 2014 demean
712 1957 762 2009 na
781 1973 822 2025 pr.
842 1973 868 2025 p.
883 1955 932 2014 45.

612 2096 729 2118 a

124 2201 280 2312 Minus
310 2258 403 2311 recte
431 2237 606 2312 Kraueius
636 2236 707 2311 boc
740 2263 884 2338 quoque
917 2237 999 2311 loco
1034 2237 1203 2334 demere

125 2365 195 2432 sul)
221 2341 431 2430 Ruhnkenii
452 2356 597 2455 vestigia
624 2382 791 2456 premens
819 2356 995 2430 vocabulo
1025 2359 1203 2431 Caesaris

124 2477 271 2550 finalem
296 2475 445 2549 abscidit
471 2475 627 2569 literam,
653 2474 757 2548 nihili
781 2474 934 2549 noxiam.
987 2474 1085 2562 Quin
1112 2475 1202 2550 adeo

124 2596 246 2667 minus
276 2595 440 2669 convenit
467 2595 610 2669 Velleio
644 2622 742 2667 castas
773 2595 923 2696 Dativus
957 2621 1065 2695 quam
1095 2597 1204 2667 Geni⁴

123 2715 232 2788 tivus.
291 2717 491 2787 Dissidere
524 2705 640 2786 alicui
672 2709 816 2786 nonnisi
841 2737 916 2787 uuo
947 2741 1060 2812 eoque
1088 2717 1202 2810 Hora·

123 2835 227 2906 tiano
249 2818 329 2906 loco
359 2834 544 2934 reperitur.
605 2833 733 2932 Neque
760 2859 844 2906 vero
874 2834 948 2934 ipse
978 2837 1050 2906 loci
1081 2863 1201 2907 sensus
1313 2857 1316 2862 “

124 2952 288 3028 dativum
322 2953 463 3046 patitur.
533 2951 691 3052 Lepidus
719 2943 879 3025 enimin
904 2954 1202 3027 universumliti-

123 3072 221 3174 giosi
237 3065 667 3173 pervicacisqne'hominis
692 3075 810 3168 partes
826 3074 1033 3171 suscepisse,
1053 3074 1200 3146 minime

122 3192 198 3296 ipsi
219 3191 358 3270 Caesari
373 3190 572 3264 adversatus
590 3214 663 3264 esse
682 3191 818 3266 dicitur.
857 3193 959 3279 Quae
984 3211 1199 3290 sequuntur:

125 3326 170 3384 et
193 3339 339 3407 semper
367 3353 418 3367 -
445 3313 602 3384 dicendo
633 3338 751 3383 merae
778 3313 879 3386 verbi
900 3316 1116 3386 dissidendo
1145 3340 1201 3384 ex·

124 3431 315 3532 plicationi
352 3458 378 3502 s.
415 3432 662 3530 exsequutioni
677 3425 898 3505 'inserviunt
970 3434 1101 3507 Sensus
1134 3455 1200 3508 est:

124 3550 288 3650 Lepidus
317 3535 470 3622 Caesaris
494 3535 533 3622 in
567 3549 720 3660 consiliis
745 3551 984 3650 (Kriegsrath)
1010 3551 1201 3626 dissidebat

124 3695 271 3767 semper
292 3667 336 3741 ab
362 3671 458 3758 aliis,
489 3671 601 3766 iisque
627 3671 895 3746 contradicebat
