2958 5038
206 519 209 530 ·
242 483 290 552 90

315 685 387 765 „ut
413 672 558 744 dubites
582 701 648 746 suo
675 703 726 748 on
759 681 985 778 Cleopatrae
1007 692 1168 768 arbitrio
1192 700 1313 771 uicto·

313 796 413 866 riom
437 803 713 889 temperaturus
728 801 896 889 fuerit.“

143 955 146 964 '
238 950 419 1026 Nimirum
440 953 477 1027 in
494 983 536 1028 eo
553 952 654 1030 cuius
667 957 919 1064 apographum
936 987 1008 1040 crat
1030 971 1142 1046 codex
1163 975 1313 1053 Murba·

238 1073 351 1145 censis
360 1073 453 1145 libro
466 1077 673 1174 legebantur
681 1079 787 1152 haee:
802 1085 1101 1169 utdubitesuoan.
1127 1083 1229 1182 Quae
1242 1125 1310 1198 per

237 1217 395 1266 errorem
409 1194 455 1266 ita
467 1193 634 1268 disiunxit
646 1197 813 1274 librarius
822 1200 960 1280 Murb.:
986 1211 1169 1284 uidebites
1185 1240 1232 1286 uo
1244 1243 1306 1292 ort.

235 1311 333 1384 Haec
351 1311 469 1390 Murb.
486 1314 659 1389 Monachi
680 1319 788 1392 verba
801 1319 996 1428 Rhenanus
1012 1326 1061 1400 sic
1076 1331 1181 1429 legit:
1199 1325 1310 1424 'tride-

113 1411 117 1424 ‘
234 1432 309 1503 bite
335 1459 420 1526 suo,
449 1430 663 1511 Amerbach.
687 1463 773 1512 vero
798 1441 865 1514 sic:
894 1447 1076 1521 videbites
1095 1477 1151 1525 ne.
1206 1454 1309 1541 Quo-

233 1581 312 1626 rum
335 1574 485 1650 uterquc
509 1554 619 1627 falsus
648 1577 700 1628 cst
723 1584 765 1631 co
792 1562 891 1659 quod
919 1564 1059 1640 literam
1081 1599 1100 1642 s
1121 1570 1307 1687 duplicare

230 1673 457 1769 negligerent.
518 1672 776 1750 Amerbachius
806 1706 899 1772 vero
923 1686 1084 1761 absurdis
1115 1692 1225 1767 literis
1256 1723 1306 1768 uo

229 1815 372 1864 sensum
416 1792 683 1866 subministrans
717 1802 913 1895 procreavit
956 1807 1056 1906 quod
1092 1853 1143 1870 νω·
1184 1836 1223 1887 ut
1253 1817 1306 1892 vi-

231 1908 334 1982 detur
371 1951 416 1968 ·-
460 1939 644 2012 uunquam
678 1943 698 1988 a
728 1916 870 1995 Velleio
905 1928 1107 2038 profectum
1139 1954 1204 2008 est:
1244 1963 1303 2011 ne.

227 2028 370 2102 Etenim
393 2030 452 2104 hic
476 2032 610 2106 factum
643 2053 694 2107 est
723 2035 763 2109 id
791 2036 936 2141 dequo
969 2071 1076 2149 supra
1109 2077 1186 2152 cap.
1211 2055 1306 2134 xm

227 2175 250 2220 a
270 2149 371 2238 uobis
394 2144 603 2252 expositum'
619 2174 678 2228 est.
1162 2193 1167 2206 ¹

324 2347 379 2421 Dc
402 2350 537 2424 ultimis
563 2352 667 2426 etiam
692 2355 835 2456 periodi
854 2363 985 2438 verbis:
1058 2437 1066 2460 N

299 2485 398 2577 „qiu
419 2488 474 2556 ad
495 2487 575 2558 eius
587 2487 741 2581 sugam·
752 2492 952 2571 arbitrium
975 2505 1115 2578 direxit
1126 2509 1301 2606 fugom“

225 2655 343 2730 neque
361 2630 560 2729 Rhenum,
594 2662 709 2735 noque
733 2639 873 2717 Orellio
903 2651 1084 2750 astipulor.
1137 2660 1299 2768 Suadeo:

299 2766 397 2859 „qui
422 2769 477 2838 od
495 2770 578 2880 'eiua
593 2771 741 2868 fugam
771 2777 973 2857 arbitrium
992 2785 1131 2864 direxit
1150 2809 1300 2872 suum.“

221 2911 273 2986 lta
299 2931 334 2987 et
350 2915 536 2992 Rhenano'
552 2920 658 2996 simul
683 2953 765 2998 cum
780 2929 1037 3048 Amcrhachio,
1062 2961 1098 3016 et
1119 2983 1171 3005 κ-
1196 2950 1298 3049 quod

223 3035 419 3108 maximum
432 3079 485 3096 -
498 3041 641 3119 Velleio
662 3071 718 3118 me
737 3048 992 3129 satisfacturmn
1013 3063 1154 3161 opinor.
1198 3068 1298 3144 Dicit

111 3196 115 3206 ι
213 3154 318 3226 'euim
333 3157 494 3266 scriptor,
518 3153 753 3238 dubitandum
770 3195 852 3242 sane
867 3173 984 3272 fuisse,
1000 3206 1045 3252 an
1060 3184 1172 3283 quiin
1188 3189 1296 3262 rebus

221 3274 313 3366 male
345 3279 448 3372 gestis
474 3288 579 3353 su'um
601 3285 788 3360 arbitrium
816 3289 862 3363 ad
886 3292 1095 3396 Cleopatrae
1121 3302 1293 3380 iudicium

202 3371 511 3490 'accommodariu
532 3400 628 3473 idem
647 3423 746 3502 parta
764 3408 907 3483 victoria
929 3431 993 3488 suo
1016 3418 1124 3517 ipsius
1146 3427 1295 3501 arbitrio

218 3534 301 3581 usus
325 3511 438 3586 fixerit.
492 3515 534 3588 In
563 3518 746 3598 Orelliana
773 3528 925 3604 lectione
950 3536 1068 3614 miuus
1093 3542 1235 3641 placent
1256 3568 1290 3648 et

217 3625 291 3700 duo
320 3629 371 3702 illi
399 3632 544 3729 genitivi
575 3641 655 3726 eius
678 3638 818 3741 fugae,
856 3669 890 3726 et
924 3656 1082 3754 neglecta
1113 3663 1295 3744 Editionis

214 3775 269 3846 pr.
297 3751 502 3846 auctoritas,
536 3757 669 3858 quippe
703 3791 791 3863 quoe
825 3795 934 3846 ettam
962 3777 1101 3873 prodat.
1154 3784 1292 3873 Quam-s

195 3871 321 3962 'quam
342 3897 414 3944 non
438 3873 566 3972 ignoro
593 3880 764 3975 genitivos
782 3885 863 3964 illos
886 3892 990 3970 etiam
1015 3898 1168 3978 inveniri
1191 3934 1292 3982 com·

212 3985 330 4084 plures
356 3985 559 4088 praesertim
581 3995 668 4072 Julii
691 4000 847 4084 Caesaris
867 4009 904 4086 iu
933 4015 1084 4114 scriptis.
1135 4024 1294 4104 Accedit

216 4105 314 4204 quod
344 4111 521 4194 Antonius
542 4121 688 4214 sugam
712 4150 822 4211 suom
857 4131 968 4223 (siin
1006 4135 1120 4236 ipsam
1149 4157 1289 4220 senten·

211 4221 295 4305 tiam
319 4255 427 4325 quam
450 4235 527 4308 fieri
548 4239 658 4336 possit
683 4243 835 4332 maxime
860 4248 1054 4356 intremus)
1075 4261 1290 4366 Cleopatrae
1375 4277 1380 4286 '
