2968 5046
1076 465 1190 540 ‚45

101 675 235 748 quam:
262 675 304 721 ex
326 649 460 724 invidia
484 639 665 750 potentiae·
687 647 719 745 ds
740 660 1002 729 aemulatione.
1045 654 1193 732 Norunt

103 789 141 841 et
170 769 235 869 qui
260 770 385 868 primis
407 770 512 845 labris
534 772 767 870 degustarunt
787 799 900 849 artem
926 777 1191 877 diplomaticam

101 889 253 988 signum
277 889 592 990 &saepenumero
619 893 816 995 adaequare
843 898 963 968 literae
989 897 1020 969 C
1044 899 1191 994 maiori3

103 1036 178 1082 nec
207 1011 324 1082 minus
350 1012 472 1083 tritum
506 1035 557 1086 est
587 1035 622 1085 et
646 1017 899 1114 pervulgatum
926 1019 1191 1091 terminationes

104 1134 212 1222 atio,
241 1134 400 1222 ationis,
423 1135 590 1205 ationem
613 1135 688 1206 fere
711 1161 778 1233 per
803 1136 1019 1234 compendia
1045 1138 1189 1213 exarari.

105 1249 344 1348 Quapropter
366 1249 402 1320 h.
424 1251 447 1326 l.
476 1249 564 1325 haec
590 1258 720 1355 scripta
746 1253 1077 1332 videbat'librarius
1092 1259 1192 1336 Mur·
1221 1269 1225 1276 “

103 1373 287 1444 bacensis:
318 1372 355 1444 &
385 1374 571 1446 aemulioe.
638 1375 711 1462 Qui
743 1406 857 1478 quum
884 1399 1006 1452 notam
1032 1374 1064 1470 dr
1090 1380 1127 1451 in
1161 1378 1191 1450 C

105 1493 340 1591 corrupisset,
367 1493 470 1570 sicuti
491 1523 600 1596 supra
626 1505 761 1596 cap.25
791 1503 952 1572 crabula
973 1500 1009 1571 in
1035 1498 1192 1572 chartam

104 1599 242 1687 iecerat
264 1641 331 1716 pro
348 1625 385 1691 tt
403 1615 557 1711 tabula3
584 1619 705 1691 literae
729 1601 884 1718 ‘duplicis
907 1647 941 1694 oe
966 1621 1065 1718 apice
1090 1642 1190 1694 vetu-

104 1756 196 1807 state
227 1740 327 1809 eraso
349 1739 465 1810 solum
497 1766 523 1810 a
554 1741 759 1839 conspicere
783 1738 850 1812 sibi
877 1740 970 1815 visus
996 1742 1064 1834 est3
1092 1737 1191 1812 deni·

105 1883 177 1956 que
210 1883 269 1928 oe·
289 1858 390 1958 quod
421 1861 470 1934 in.
489 1863 561 1934 fine
595 1861 779 1960 legebatur
808 1886 927 1934 errore
964 1858 1094 1942 ductus
1123 1887 1191 1960 pro

106 1979 247 2078 syllaba
283 2007 318 2052 oe
372 2001 496 2079 utpote
536 1979 591 2053 illi
630 1974 820 2053 simillima¹
847 1981 1001 2081 cepisse⁸
1034 1979 1188 2055 videtur.

106 2101 300 2198 Superest,
332 2100 486 2175 utillud
507 2104 668 2196 septimo
696 2100 733 2173 in
763 2104 909 2191 Quarto
937 2100 1190 2199 corrigendum

32 2255 33 2260 ¹
105 2209 295 2312 modeam',
324 2223 354 2294 si
382 2221 528 2322 quidem
552 2224 609 2316 (ut
636 2242 760 2293 monet
785 2221 976 2318 Krausius)
1006 2249 1100 2294 anno
1119 2248 1188 2315 700

107 2341 260 2415 decessit
284 2341 393 2435 Julia,
424 2364 593 2442 quattuor
623 2368 707 2416 vero
736 2341 841 2413 annis·
867 2360 947 2412 aute
978 2360 1065 2438 puta
1091 2367 1189 2431 anno
1226 2377 1234 2400 r

109 2465 183 2559 696
219 2461 353 2535 Gallias
387 2460 527 2536 intravit
573 2461 710 2534 Caesar.
763 2457 835 2531 Sed
867 2459 1039 2556 scriptum
1070 2460 1188 2559 primo

32 2665 34 2668 ,
108 2603 182 2654 erat
200 2582 273 2675 III,
306 2583 405 2682 quod
435 2583 472 2653 in
497 2580 570 2656 VH
593 2601 769 2653 muratum
795 2573 867 2673 est,
894 2577 1036 2670 duobus
1063 2581 1190 2656 notisI

107 2725 172 2803 per
199 2729 360 2812 errorem
386 2687 596 2776 coniunctis.
785 2715 789 2720 ’

190 2902 306 3000 Ergo
334 2923 376 2973 ut
405 2927 494 3000 quae
519 2898 672 2973 diximus
696 2929 809 3000 pauca
833 2901 1060 2998 paucioribus
1084 2903 1188 2974 etiam

110 3021 462 3123 comprehendamus
485 3023 532 3093 ita
554 3019 785 3093 scribendum
800 3020 1040 3093 coniicimus:

206 3190 372 3277 'Quarto
407 3188 540 3278 ferme
578 3212 678 3256 anno
721 3186 865 3256 Caesar
883 3183 1120 3255 'morabatur
1149 3183 1189 3252 in
1299 3179 1301 3186 '

222 3308 381 3392 Galliis,
414 3307 688 3377 commertium
715 3307 793 3375 iam
820 3331 865 3410 ex
890 3306 1037 3374 invidio
1056 3317 1189 3396 potera·

220 3429 299 3498 tiae
319 3411 630 3528 etlaerisulotione
650 3425 716 3520 19)
742 3425 978 3494 cohaerentis
1001 3426 1099 3494 inter
1120 3424 1186 3497 Cn.

223 3551 445 3644 Pompeium
467 3561 504 3617 et
524 3547 569 3616 C.·
584 3546 790 3616 Caesarem
813 3547 1037 3616 concordiae
1044 3547 1189 3638 pignus
1273 3521 1276 3535 i

218 3669 324 3739 talia
349 3693 443 3738 uxor
468 3667 606 3770 Magni
635 3667 802 3740 decessit.

510 3869 513 3876 ι
533 3861 765 3876 Μ

431 3945 445 3976 N

153 4065 209 4145 1⁹)
240 4069 321 4120 Haec
346 4064 546 4134 qualiacunque
564 4066 709 4130 postquam
733 4061 906 4125 inveneram,
928 4055 1124 4120 animadverti,
1151 4054 1189 4108 si»
1224 4061 1241 4093 ·'
1281 4057 1282 4064 ’
1333 4087 1336 4104 r
1403 4115 1406 4124 Ι

232 4172 330 4227 milam
358 4169 387 4222 ln
413 4170 527 4222 modum
554 4167 625 4220 haec
643 4164 787 4218 coniecisse
811 4161 973 4217 Halmium:
1003 4177 1061 4227 „ex
1085 4157 1188 4214 invidia

234 4275 372 4346 potentias
390 4291 424 4330 ac
441 4273 583 4329 aemulata
603 4267 805 4326 cohaerentur
