2958 5038
322 853 326 861 .
435 725 444 740 ’
494 779 773 900 curun
811 777 1026 892 xant.

550 945 617 1000 vn.
628 945 666 1013 11,
683 941 742 1030 ns.
760 960 785 1013 p.
795 938 846 996 139
861 941 993 1010 moret.
1107 907 1111 920 ’

234 1159 244 1170 ,
315 1097 416 1176 „Quo
436 1096 558 1179 quim
584 1106 721 1176 tempore
744 1105 780 1157 ut
798 1094 950 1176 pleraque
971 1095 1083 1174 iyrmne
1108 1088 1322 1158 Gammnicroe

233 1202 281 1262 ita
301 1197 421 1263 Drusus
440 1203 494 1283 qui
509 1221 531 1262 a
546 1211 642 1282 panc
663 1200 695 1260 in
714 1198 749 1260 t’d
769 1200 901 1280 tirsum
940 1203 991 1256 Ed.
1011 1218 1051 1271 pr.
1073 1219 1099 1270 p.
1114 1201 1162 1258 66.

706 1345 721 1352 .-
729 1345 801 1353 --.ψ
809 1347 824 1353 ..

703 1356 827 1367 p-——ae

132 1525 138 1536 -
233 1444 332 1554 Satis
361 1481 455 1556 clare
488 1479 742 1554 Germanicum
774 1505 794 1549 a
826 1476 969 1586 Yelleio
1005 1470 1200 1575 vituperari
1235 1503 1315 1580 non

233 1602 391 1702 potuisse
417 1598 569 1674 ostendit
593 1600 808 1692 Boeclerus‚
834 1595 1091 1690 Ruhnkenius,
1120 1597 1187 1671 alii.
1241 1599 1322 1671 Re-

139 1745 145 1766 ·
231 1741 398 1821 pugnant
419 1721 610 1819 praecipue
634 1739 704 1792 tres
726 1718 780 1791 illi
803 1743 894 1817 quos
908 1717 1145 1790 Ruhnkenius
1162 1742 1317 1816 cognos-

234 1865 313 1914 cere
348 1841 465 1934 iubet,
501 1839 631 1913 Velleii
660 1839 731 1912 loci
768 1836 815 1910 ΙΙ.
839 1838 923 1909 116:
957 1839 1107 1932 Magna
1143 1841 1183 1910 in
1217 1839 1316 1910 bella

232 1962 449 2033 Delmatico
476 1963 732 2058 experimenta
756 1959 910 2028 virtutis
937 1945 978 2027 in
1001 1961 1139 2030 multoe
1166 1984 1213 2046 ac
1236 1951 1318 2048 dif·

174 2131 177 2138 ·
220 2085 349 2175 ficiles
380 2085 481 2168 locos
506 2083 746 2178 praemissus
784 2084 1043 2155 Germanicus.
1092 2078 1317 2174 Il.1n9,u:

237 2201 381 2292 Quibus
389 2205 611 2298 praeceptis
626 2244 666 2256 -
695 2201 987 2301 magnitudine?
1013 2221 1049 2273 et
1071 2199 1193 2300 paullo
1215 2217 1317 2298 post:

57 2423 60 2430 ἱ
232 2322 261 2420 §.
280 2325 320 2394 5:
338 2339 341 2343 ’
360 2324 511 2413 Quanto
532 2323 786 2420 provincias?
813 2317 815 2326 '
842 2321 953 2410 Quod
979 2320 1136 2420 quamvis
1162 2319 1317 2392 omnino

123 2477 152 2548 J
232 2442 465 2540 accipiamus,
499 2441 613 2516 nihilo
647 2465 766 2518 tamen
794 2442 909 2517 secius
944 2441 1049 2515 etiam
1080 2468 1099 2513 a
1133 2437 1317 2514 verissima
1345 2517 1347 2522 ,

232 2605 283 2618 -
307 2586 413 2658 quam
430 2583 535 2638 vocat
550 2563 725 2636 Krausius
748 2605 793 2619 -·
817 2563 1023 2638 Ruhnkenii
1048 2558 1318 2635 emendatione:

232 2684 341 2776 „egit
362 2688 492 2754 nave“
510 2680 759 2788 recedendum
785 2681 958 2757 ducimus.
1010 2681 1197 2756 Abhorret·
1216 2680 1319 2753 enim

143 2813 147 2820 '
233 2800 372 2896 animus
410 2830 430 2875 a
469 2803 593 2904 quovis
634 2783 837 2879 violentiori
878 2802 1095 2878 emendandi
1138 2802 1316 2904 periculo.

232 2921 467 3020 Faciliusque¹
498 2922 538 2996 ni
582 2924 689 2998 fallor
733 2925 805 3026 legi
838 2926 966 3024 possit:
1020 2938 1096 3020 „ut
1125 2905 1319 3021 pleraque

231 3044 419 3138 ignovit.“
467 3041 520 3115 Ita
543 3042 746 3118 Germanici
765 3027 891 3118 lenitas
916 3045 1084 3146 mitisque
1107 3062 1230 3144 utpote
1255 3041 1340 3115 ad:

232 3163 438 3242 olescentuli
462 3163 617 3236 militum
641 3151 800 3256 tractatio
833 3163 1060 3265 componitur
1094 3189 1177 3238 cum
1201 3163 1320 3262 prisca

233 3284 447 3385 antiquaque
486 3284 598 3357 Drusi
630 3265 822 3361 severitate.
884 3267 1068 3360 Mitiorem
1101 3282 1319 3358 maturitate·

234 3429 304 3504 que
328 3422 509 3478 carentem
525 3393 749 3503 imperatoria
769 3404 1026 3479 Germanicum
1041 3404 1215 3503 significat
1227 3401 1318 3477 Vel:

231 3524 329 3597 leius.
383 3523 433 3597 Ut
453 3524 688 3598 Germanicus
713 3525 829 3619 mitis,
858 3526 906 3600 ita
932 3525 1043 3602 durus
1070 3542 1145 3599 erat
1160 3523 1317 3596 Drusus.

205 3644 473 3744 ‚scribendum
495 3645 620 3745 igitur:
782 3625 784 3634 i
923 3647 947 3740 ’ί

344 3821 367 3859 ,,
382 3770 465 3858 Quo
500 3771 653 3863 quidem
682 3781 850 3863 tempore
876 3780 918 3839 ut
936 3770 1125 3862 pleraque
1153 3767 1326 3860 ignovit

344 3888 595 3959 Germanicus
613 3888 670 3957 ita
688 3888 843 3960 Drusus
862 3929 911 3944 -
926 3887 1063 3982 prisca
1081 3887 1321 3981 antiquaque

340 4011 545 4081 severitate
562 4032 653 4080 usus
667 3982 869 4103 gladiis-
879 4005 1092 4080 obsidentes
1108 4006 1288 4077 coercuit·
1294 4007 1320 4049 ‘⁶
