2968 5046
250 546 297 620 14

248 755 360 808 motas
387 761 408 806 a
435 735 625 835 parietibus
653 737 699 810 ad
720 736 967 828 circuitionem
991 756 1032 809 ut
1055 736 1212 838 porticus
1231 735 1327 836 peri·

248 856 443 957 styliorum.
488 859 661 930 Medium
674 872 801 929 autem
822 857 890 930 sub
908 860 1006 960 ,divo
1026 871 1084 929 est
1109 858 1190 928 sine
1213 869 1327 950 tecto,

248 973 434 1074 aditusque
467 976 652 1050 valvarum
690 1003 732 1050 ex
756 998 907 1077 utraque
933 975 1096 1076 partein
1122 999 1261 1075 pronao
1290 994 1328 1046 et

247 1093 396 1192 postico.
458 1092 574 1166 Huius
608 1115 729 1168 autem
763 1097 951 1194 exemplar·
979 1093 1118 1168 Romae
1133 1111 1135 1126 '
1153 1120 1225 1166 uon
1259 1113 1325 1186 est,

247 1210 310 1284 sed
338 1212 489 1288 Athenis
522 1214 732 1314 octastylos,
767 1213 864 1286 etin
899 1211 1246 1316 temploOlympio.
1274 1258 1328 1272 ··-

247 1333 352 1405 Hanc
380 1353 498 1405 autem
522 1337 674 1406 {ormam
700 1334 733 1406 ei
751 1359 917 1434 quoque,
946 1331 1054 1433 quod·
1067 1331 1209 1406 Velleio
1237 1354 1326 1406 teste

247 1451 346 1524 Sulla
374 1455 552 1548 exstruxit,
580 1455 718 1530 Dianae
746 1454 884 1553 templo
912 1454 1017 1526 fuisse
1040 1453 1108 1526 nisi
1134 1476 1270 1528 constat
1291 1474 1329 1558 at

246 1597 341 1664 certo
369 1574 545 1649 coniicere
571 1578 653 1649 licet
681 1604 723 1648 ex
746 1577 803 1648 his
830 1576 1002 1650 Vitruvii:
1045 1577 1219 1674 „(Decor
1243 1602 1327 1676 per-

246 1696 394 1789 ficitur)
431 1695 581 1768 statione
615 1723 729 1796 quum
763 1695 845 1770 Jovi
887 1695 1040 1796 Fulguri
1072 1715 1105 1768 et
1142 1695 1253 1768 Coelo
1290 1717 1329 1770 et

245 1813 325 1887 Soli
359 1835 393 1886 et
426 1813 549 1888 Lunae
583 1819 763 1909 aedificio
795 1817 861 1888 sub
895 1797 983 1886 ditio
1012 1816 1328 1914 hypaethraeque

247 1933 524 2008 constituuntur.
548 1967 599 1992 -’
640 1936 795 2028 Junoni,
822 1934 979 2025 Dianae,
1007 1933 1141 2037 Libero
1164 1937 1256 2034 patri
1274 1981 1330 1994 —

246 2055 275 2129 si
303 2053 405 2128 aedes
425 2053 572 2131 Jonicae
598 2079 871 2150 construentur,
898 2055 1109 2152 habitauit
1138 2057 1227 2130 ratio
1251 2083 1328 2130 me-

247 2171 484 2248 diocritatis.“
511 2181 551 2271 7)

346 2295 457 2370 Vides
495 2296 628 2401 igitur,
671 2323 751 2369 mea
789 2299 958 2401 opinione
1002 2297 1118 2370 verbis
1135 2279 1197 2368 'in
1230 2319 1329 2366 area

246 2405 397 2488 interna
413 2416 604 2515 significari
623 2415 845 2491 Graecorum
867 2402 1062 2519 ὕπαιθρον.
1107 2414 1219 2486 Cuius
1241 2413 1329 2487 loco

174 2602 177 2607 .
247 2537 425 2609 Romanos
453 2537 532 2611 sive
560 2537 597 2608 in
632 2537 840 2620 universum
867 2563 1022 2630 aream,
1061 2538 1133 2610 sive
1158 2537 1331 2606 moriam
1390 2571 1395 2588 ι

156 2735 159 2742 ,
249 2683 407 2748 aream,
443 2656 514 2728 sive
542 2653 698 2754 denique
731 2681 864 2728 aream
890 2660 1080 2730 internam
1107 2653 1234 2727 dixisse
1265 2679 1330 2753 ap-

154 2787 155 2792 ’
228 2755 234 2862 J
250 2795 365 2874 paret,
400 2775 550 2874 opinor,
584 2799 626 2846 ex
645 2775 768 2848 allatis
794 2777 965 2870 vitruvii,
999 2775 1094 2848 Festi
1121 2772 1328 2874 Velleiique

246 2892 373 2966 verbis.
529 2976 533 2998 N
957 2889 963 2900 ’

352 3012 454 3121 Quae
489 3040 601 3113 quum
639 3013 711 3086 iam
751 3014 830 3085 satis
864 3033 959 3086 certa
996 3039 1069 3086 esse
1108 3011 1329 3106 viderentur,

247 3160 322 3207 rem
360 3135 467 3234 plane
512 3131 662 3208 absolvit
705 3132 935 3234 expediitque
975 3135 1076 3207 lo'cus
1119 3135 1167 3222 ab,
1209 3132 1329 3205 amico

248 3253 451 3347 doctissimo
475 3253 728 3326 humanissime
748 3280 892 3327 mecum
916 3254 1210 3331 communicatus„
1249 3253 1331 3325 Go-

168 3439 173 3451 ,
247 3367 416 3444 thofrcdo
446 3372 541 3444 euim
575 3372 621 3452 ad
650 3373 796 3446 Festum
831 3401 856 3444 s.
888 3400 919 3446 v.
951 3400 1030 3459 area
1066 3393 1210 3446 auctore
1235 3371 1329 3450 haec

248 3491 414 3588 leguntur
438 3492 476 3564 iu
497 3492 634 3589 'glossis
656 3494 848 3567 veteribus:
890 3497 1000 3592 area]
1024 3481 1126 3585 αὐλή
1136 3543 1147 3575 ,
1176 3473 1331 3597 προσιᾶ,
1436 3579 1440 3594 ⁸

142 3613 145 3625 '
218 3598 450 3714 ὕπαιθρον,
478 3599 598 3700 ἅλως.
657 3614 778 3686 Restat
802 3633 843 3685 ut
870 3616 1189 3688 commonefaciam
1215 3616 1331 3688 lecto·

248 3761 342 3827 rem,
369 3761 388 3805 a
416 3759 473 3805 me
500 3717 666 3805 insertam
688 3760 760 3804 esse
786 3737 907 3832 praep.
926 3707 993 3824 in,
1017 3755 1155 3827 natam,
1179 3736 1331 3836 opinor,

247 3882 290 3928 ex
315 3855 415 3928 litera
431 3855 455 3947 i,
485 3881 592 3953 quam
615 3853 773 3926 omiserit
796 3853 968 3956 librarius.
1022 3854 1188 3928 Ceterum
1208 3858 1238 3928 si
1263 3881 1332 3955 per

248 3975 519 4074 grammaticam
551 3974 631 4047 fieri
665 4000 767 4073 posse
806 3995 928 4073 putes,
969 3973 1061 4047 nihil
1093 4001 1217 4049 moror
1250 4002 1330 4075 quo
1394 3981 1398 3994 '

248 4095 366 4169 minus
389 4096 538 4190 scribas,
567 4095 698 4167 tabula
727 4121 843 4167 areae
869 4099 1054 4169 internae.

290 4265 320 4342 ⁷)
347 4251 491 4342 fraguntur
511 4274 582 4328 hacc
600 4291 644 4344 up.
663 4271 768 4328 Vitruv.
787 4274 807 4328 1.
826 4271 848 4324 1.
872 4291 896 4326 c.
915 4277 943 4332 2.
962 4271 1330 4340 sect.5.‚illal.111.022.

350 4367 418 4415 sect.
440 4369 508 4416 extr.
527 4381 559 4416 cx
577 4365 619 4416 ed.
638 4358 770 4418 Schneid.
