2968 5046
211 479 215 488 ς
347 443 362 474 l

257 722 336 793 leus
360 721 571 818 „inclytum
601 742 628 789 s.
658 717 808 786 unicum
839 741 864 785 s.
894 715 1075 784 invictam
1098 737 1180 807 par
1205 735 1335 784 eonsu-

258 841 366 912 ῖιιήιιι
392 834 575 937 quomodo
604 832 755 935 quadret
785 861 869 905 cum
892 833 1023 906 ieiuma
1048 832 1114 904 ista
1140 830 1335 932 reprehen-

258 960 384 1032 sione:
426 959 491 1055 qui
528 980 647 1054 neque
683 951 779 1028 cett?
833 951 1002 1026 Inclitum
1043 979 1107 1052 par
1125 953 1335 1053 ¹consulum

258 1079 483 1152 consulatum
507 1099 623 1173 neque
650 1073 798 1146 honeste
820 1074 943 1169 petivit
966 1099 1084 1174 neque
1111 1101 1194 1144 eum
1223 1071 1335 1179 laude

258 1198 378 1297 gessit!
449 1195 551 1282 Quae
591 1195 620 1267 si
661 1196 703 1266 ab
744 1192 822 1291 ipso
859 1193 1001 1266 Velleio
1047 1194 1206 1292 profecta
1244 1193 1336 1294 sint,

258 1344 382 1393 nonne
410 1315 491 1392 fieri
512 1314 611 1390 vides
638 1314 873 1386 Horatianum
894 1311 1008 1386 illud:

418 1505 467 1521 --
481 1503 532 1540 -,-
556 1477 596 1531 ut
619 1456 770 1556 turpiter
792 1475 908 1528 atrum

355 1579 522 1655 desinat
512 1607 550 1650 ιιι
580 1578 714 1678 piscem
740 1575 870 1648 mulier
895 1575 1053 1648 formosa
1073 1572 1257 1674 superne?

310 1735 316 1746 ’
416 1739 584 1758 ----
609 1719 651 1769 ut
671 1723 736 1794 pec
766 1719 827 1796 pes
856 1719 923 1768 nec
949 1717 1057 1798 caput
1085 1695 1149 1770 uni

352 1817 523 1895 reddatur
545 1821 692 1893 formae.
746 1895 752 1898 ,

228 1975 387 2064 ·Quae
396 2003 507 2075 quum
546 1976 592 2049 ita
627 1975 697 2050 sint
726 1972 919 2071 negarique
949 1992 1149 2071 nequeant,
1186 1969 1338 2044 aliunde

256 2094 453 2198 petendum
491 2096 559 2169 erit
597 2094 777 2170 auxilium.
845 2089 924 2164 Nec
953 2091 1154 2218 displicebit
1185 2092 1338 2164 fortasse

255 2215 364 2312 haec,
387 2244 494 2317 quam
517 2214 736 2297 invenimus,
759 2209 978 2283 emendatio:

362 2370 575 2459 „Alterum
592 2394 695 2463 pene
722 2368 881 2460 imperio
902 2377 1030 2434 nostro
1056 2388 1103 2435 ao
1124 2389 1190 2435 suo
1218 2391 1338 2461 quae-

362 2515 460 2561 rens.
478 2487 622 2574 orbem,
653 2498 830 2561 virtute
846 2496 1038 2575 pariter
1054 2500 1102 2559 et
1125 2499 1337 2574 cometen.

286 2680 294 2692 ,
370 2609 435 2680 Cn.
471 2609 693 2702 Pompeius,
728 2612 892 2679 alterum
920 2609 1049 2678 ,iniere
1084 2613 1336 2703 consulatum,

366 2729 431 2823 qui
451 2751 571 2821 neque
586 2730 733 2821 petitus
758 2729 911 2797 honeste
933 2726 982 2796 ab
1007 2729 1074 2818 iis,
1099 2754 1220 2823 neque
1242 2756 1337 2824 pro·

366 2847 540 2916 habiliter
556 2859 688 2940 gestus
715 2849 805 2932 estf‘

254 2997 308 3072 Ita
324 2987 456 3099 optiine
476 2997 601 3072 Caesar
629 3023 737 3097 quem
754 3023 913 3098 semper,
936 3017 976 3068 ut
990 3024 1054 3095 par
1075 3018 1137 3091 est,
1164 2997 1337 3075 laudibus

257 3122 356 3191 effert
380 3118 542 3192 Velleius
565 3118 789 3215 componitur
815 3146 899 3191 cum
915 3117 1097 3216 ‘Pompeio
1119 3117 1336 3220 Cressoque,

257 3266 346 3338 quos
385 3266 498 3337 quum
534 3236 606 3310 hoe
635 3238 712 3335 ipso
738 3238 821 3310 loco
857 3238 996 3309 macula
1033 3231 1214 3337 aspergat,
1256 3235 1336 3314 iliis

64 3357 75 3454 '‚
181 3425 183 3430 ,
257 3381 400 3458 quoque
430 3357 515 3430 loeis
545 3355 644 3428 haud
680 3383 759 3428 raro
790 3356 913 3454 carpit.
967 3355 1090 3458 Itaque
1116 3387 1337 3460 quamquam

146 3489 152 3502 ’
255 3496 292 3549 et
324 3473 436 3548 codex
470 3476 795 3568 Amerbachianus‚
822 3498 872 3548 ‚et
905 3475 1011 3549 editio
1045 3478 1213 3577 princeps
1246 3505 1335 3552 con·

257 3591 576 3684 sulum-exhibet,
610 3612 726 3664 tamen
759 3595 816 3669 vix
850 3593 1001 3666 dubium
1027 3616 1096 3688 est,
1134 3595 1221 3695 quin
1251 3596 1288 3670 h.
1307 3601 1336 3676 l.

254 3713 294 3785 in
324 3738 366 3783 eo
398 3737 506 3810 quem
533 3709 694 3782 librarius
727 3709 845 3783 Murb.
881 3712 1101 3811 transcripsit
1134 3716 1214 3790 cod.
1247 3721 1336 3792 scri·

254 3851 358 3932 ptum
378 3829 497 3902 fuerit:
515 3840 701 3934 ¹,y,cons.“
772 3829 831 3903 Sic
856 3832 1004 3930 Burerio
1027 3855 1062 3906 et
1089 3833 1336 3914 Amerbachio

255 3952 400 4024 testibus
437 3976 526 4049 pop·
547 3975 653 4024 versu
672 3953 713 4022 15
735 3948 876 4048 legitur:
902 3952 1068 4051 fabioque
1098 3951 1201 4028 decio
1225 3985 1335 4034 mure

237 4092 382 4168 ‘quarto
415 4066 563 4163 CONS;
603 4068 653 4140 'sic
689 4066 818 4140 eodem
845 4068 994 4144 Burerio
1026 4077 1173 4146 'auctore
1203 4077 1243 4149 in
1272 4105 1335 4153 ve-

253 4204 371 4259 terum
396 4187 579 4260 codicibus
603 4186 782 4288 plerisque
809 4188 915 4261 scribi
936 4191 1089 4266 solitum.
1143 4191 1254 4269 Unde
1281 4200 1335 4272 fa-

253 4304 386 4377 cillime
408 4304 604 4402 colligitur,
631 4303 815 4404 quomodo
843 4333 884 4381 ex
907 4335 995 4383 voce
1019 4337 1115 4384 eone.
1139 4325 1337 4415 perperam
