2958 5038
253 499 301 570 72

249 673 258 692 ⁸
360 680 610 776 „nequiitque
633 688 785 748 renatus
807 673 965 746 consulti
977 669 1216 774 'auctoritate
1242 691 1329 740 corr·

279 858 290 880 .-
331 846 344 910 '.
363 801 449 873 silio
475 797 693 870 deterreri.“
1061 807 1064 817 ’

159 987 163 994 ·
257 939 485 1018 Vocabulum
505 939 575 1023 cti,
603 927 739 1008 exoleto
763 933 825 1005 illo
848 935 862 1001 i
884 929 934 1002 de·
949 954 1048 1002 more
1072 955 1138 1027 pro
1161 919 1204 1020 eb
1227 923 1330 1026 quod

257 1062 421 1134 volumus
442 1043 551 1130 verbo
578 1054 739 1128 Consulti
768 1052 922 1154 positum
944 1075 1009 1149 pro
1033 1049 1159 1145 copula
1185 1062 1222 1118 et
1246 1072 1330 1146 per·

258 1204 380 1279 peram
403 1174 533 1274 accepit
549 1171 722 1246 librarius.
743 1203 749 1218 ¹
773 1167 911 1242 Notum
938 1187 998 1259 est,
1020 1167 1169 1238 Senatus
1187 1163 1329 1236 decreta

258 1295 308 1367 sic
339 1293 483 1370 inscribi
519 1289 634 1364 solita:
680 1344 703 1382 ,‚
712 1290 746 1362 S.
780 1285 818 1358 C.
850 1286 896 1358 A.
920 1283 1131 1356 :Senatus
1177 1283 1331 1356 consulti

258 1414 484 1488 auotoritas.“
553 1406 662 1495 Quod
689 1407 724 1478 h.
751 1408 776 1482 l.
804 1405 908 1476 etiam
933 1424 1081 1503 propter
1103 1403 1222 1504 ipsum
1249 1430 1331 1476 ora·

257 1532 363 1607 tionis
389 1555 579 1604 numerum
606 1525 835 1630 probandum
864 1543 923 1598 est

354 1667 517 1742 Verbum
541 1671 726 1739 deterreri
741 1667 856 1739 .null0
885 1656 1005 1736 addito
1032 1637 1212 1736 rocabulo
1233 1663 1331 1766 posi·

259 1811 336 1862 tum
358 1785 447 1859 mihi
467 1783 676 1860 iamdudum
700 1783 898 1883 displicuit,
921 1808 998 1855 mea
1016 1808 1060 1855 ex
1080 1781 1332 1857 emendatione

231 1903 454 1981 'acoemitu
473 1905 591 1976 consil
590 1907 637 1977 io.
673 1904 870 1976 Omissam
897 1903 1198 2000 praepositionem
1223 1925 1331 2026 tueor

258 2023 456 2100 Horatiano
477 2023 557 2095 illo:

367 2147 601 2239 „Silvestres
627 2142 890 2213 homines“-

366 2315 392 2358 ‚,
404 2263 591 2375 caedibus
606 2255 638 2354 ds
654 2265 756 2332 victu
774 2265 889 2354 foede
911 2261 1095 2332 deterruit
1113 2263 1298 2356 Orpheus.
1305 2274 1333 2310 “

206 2485 215 2500 ,
258 2401 393 2478 Eadem
423 2403 553 2477 ratione
587 2403 738 2476 verbum
770 2403 927 2490 arcendi
953 2427 1036 2474 cum
1065 2403 1143 2502 solo
1176 2404 1343 2510 ablativo

259 2523 361 2620 iungi
378 2525 510 2606 solem
544 2555 555 2582 ν

285 2699 288 2712 ·
352 2663 416 2734 ·De
449 2688 537 2738 voce
569 2666 720 2736 consilio
751 2691 858 2763 quam
886 2665 952 2736 sub
992 2663 1056 2736 illo
1095 2689 1184 2737 coss.
1218 2665 1331 2738 latere

260 2779 442 2883 putemus,
471 2807 652 2882 compares
685 2808 775 2881 qune
802 2809 909 2880 supra
943 2809 1017 2880 cap.
1033 2766 1146 2856 XXX
1177 2811 1197 2855 a
1226 2783 1334 2860 nobis

233 2933 238 2944 ¹
264 2901 471 3001 dioto-'mot

345 3042 512 3141 Superest
528 3060 569 3113 ut
585 3021 628 3112 de
644 3037 771 3113 Orellii
790 3031 941 3113 lectione
962 3041 1085 3138 paucis
1101 3067 1334 3141 exponamus.

262 3159 330 3233 cui
350 3159 497 3234 lectioni
518 3161 673 3259 quemvis
698 3187 764 3233 nos
788 3159 878 3232 nihil
901 3160 1109 3254 debeamus,
1139 3189 1250 3261 quum
1268 3161 1334 3264 bis

264 3277 567 3376 demumscriptis
590 3301 667 3349 eam
692 3280 973 3375 cognoverimus,
999 3301 1116 3352 temen
1137 3279 1218 3354 ideo
1238 3281 1333 3354 mul-

264 3417 342 3469 tum
371 3397 580 3488 tribuimus,
619 3395 718 3496 qno'd
747 3421 862 3496 neque
899 3398 1010 3497 Lipsii
1041 3399 1232 3498 splendore
1266 3403 1333 3474 ob-

154 3591 158 3600 ,
263 3513 421 3588 strictum
445 3513 569 3610 prodit
589 3515 776 3609 Orellium‚
803 3535 838 3588 et
863 3518 1020 3618 eiquam
1045 3531 1110 3592 nos
1131 3519 1334 3596 invenimus

265 3655 371 3734 qnam
391 3632 546 3728 proxime
563 3630 726 3706 accedit
762 3635 843 3708 Mea
859 3657 979 3710 autem
1006 3637 1205 3712 emendatio
1228 3637 1335 3715 Orel-

266 3753 382 3845 liauo,
411 3743 451 3820 ni
462 3746 588 3842 fallor,
615 3751 752 3830 facilior
779 3775 838 3829 est.
