2968 5046
1160 510 1207 580 37

130 712 272 792 acoepta
303 696 448 780 formari
487 696 645 794 potuerit
686 700 885 770 consulum.
960 698 1058 786 Quin
1099 700 1206 774 etiam

130 841 163 886 v.
185 818 333 890 concilii
357 843 383 889 s.
409 820 560 890 consilis
578 844 651 916 pro
673 845 719 892 v..
734 821 896 926 conradis
917 819 1103 918 reperitur.

230 969 458 1070 Quamquam
487 951 526 1042 ea
559 997 613 1044 res
647 993 682 1043 et
709 998 773 1071 per
804 999 840 1045 se
870 973 930 1047 vix
955 973 1066 1044 ullam
1088 973 1203 1070 giguit

130 1088 385 1164 difficultatem.
450 1092 500 1163 At
534 1089 578 1162 de
603 1093 784 1166 locutione
814 1098 955 1168 virtute
985 1108 1022 1164 et
1049 1075 1202 1165 corisilio
1278 1134 1285 1148 ·

26 1241 27 1246 ¹
129 1211 199 1286 nisi
212 1211 365 1284 frontem
384 1211 593 1285 contrahant
610 1239 772 1285 censores
788 1212 876 1285 haec
897 1217 1006 1285 offero
1023 1215 1204 1311 exempla:

128 1314 218 1405 Hor.
236 1332 300 1430 Ep.
318 1332 347 1421 I,
368 1357 420 1404 12.
440 1336 493 1404 15.
524 1330 619 1408 Caes.
638 1332 675 1405 b:
693 1361 725 1430 g.
752 1335 785 1425 5,
804 1336 835 1403 5.
870 1331 1148 1426 Liv.4‚15;fin.

213 1486 294 1559 Jam
315 1512 407 1587 pene
421 1511 720 1584 supervacaneum
739 1482 853 1596 videri
869 1483 980 1581 possit
997 1504 1116 1556 notare
1132 1511 1203 1583 qua
1280 1560 1282 1568 k

128 1608 262 1680 ratione
298 1608 452 1706 syllabae
480 1606 560 1678 illae
590 1621 626 1676 te
654 1626 690 1675 et
711 1611 769 1674 ter
797 1605 833 1675 in
861 1601 1066 1689 exeunths
1097 1629 1202 1680 voca.

126 1729 222 1801 bulis
249 1730 390 1798 virtute
418 1747 453 1799 et
475 1729 630 1821 pariter
656 1743 897 1821 comparentes
926 1745 1113 1822 corruptae
1134 1724 1204 1795 sint

126 1853 162 1924 in
188 1849 306 1925 literas
331 1879 359 1922 s.
418 1846 492 1919 Sed
523 1845 619 1918 enim
644 1823 792 1916 sinuosa
811 1844 934 1914 literae
955 1841 1062 1915 huius
1087 1819 1205 1916 fdrma

128 2001 167 2047 ea
201 1994 269 2062 est,
305 1995 395 2070 quae
430 1965 526 2038 haud
560 1964 708 2058 difficile.
738 1961 912 2034 eiusmodi
938 1963 1219 2064 confusionibus

127 2098 251 2169 locum
271 2092 455 2190 praebeat3
481 2085 688 2186 praesertim
714 2111 829 2181 quum
844 2110 875 2157 v.
894 2083 1026 2181 pariter
1052 2082 1111 2152 sic.
1127 2083 1207 2153 fere·

129 2217 302 2312 scribatur
325 2213 363 2284 in
397 2206 518 2280 codd.:
545 2203 594 2303 §p
616 2224 655 2273 ut
679 2203 823 2300 signum
846 2199 1026 2299 quoddam
1055 2225 1098 2272 eo
1127 2225 1201 2298 quo
1264 2293 1269 2304 ι

129 2364 193 2410 nos
233 2336 367 2420 utimur
402 2323 616 2429 paragraphi
651 2322 751 2418 signo
796 2320 974 2418 persimile
1016 2320 1137 2390 literae
1175 2348 1200 2420 p

127 2455 462 2557 superimponamr·5
491 2445 586 2519 unde
615 2439 877 2542 propemodum
907 2436 1005 2509 idem
1035 2449 1089 2508 ¹est
1117 2461 1203 2509 cum

128 2598 212 2651 nota
239 2573 339 2648 verbi
362 2594 479 2664 pars:
501 2593 564 2662 ps.
579 2565 711 2636 Victus
736 2579 853 2630 autem
880 2583 947 2658 pro
975 2560 1113 2636 virtute
1138 2580 1202 2657 po·

127 2670 235 2774 situm
261 2713 330 2786 est,
358 2691 410 2762 uti
436 2690 575 2762 inversa
600 2667 734 2756 ratione
760 2680 907 2774 videbit·
923 2705 943 2747 e
958 2701 1028 2778 pro
1055 2675 1207 2748 videbis?

127 2818 200 2918 legi
221 2809 448 2888 ostendemus
476 2807 580 2880 infra..

141 3051 144 3054 ,
228 2969 352 3056 Quare
384 2988 498 3062 quum
531 2955 621 3050 mihi
641 2951 762 3026 omnia
784 2952 860 3021 tam
884 2967 1045 3020 accurate
1069 2968 1202 3019 conve·

126 3094 204 3167 nir'e
247 3086 433 3162 videantur
473 3107 555 3150 cum
594 3072 787 3148 rationibus
832 3066 1088 3168 diplomaticis,
1127 3090 1205 3170 11011
1238 3123 1242 3136 .

124 3197 277 3316 possum
330 3205 416 3306 quin
465 3199 626 3271 abdicem
681 3190 808 3265 Orellii
858 3187 911 3258 cl.
961 3175 1205 3257 coniecturam

130 3340 323 3432 ‚punctum
344 3351 426 3421 par
454 3318 680 3394 consulum.“
731 3309 859 3409 Neque
894 3307 990 3381 enim
1011 3303 1096 3397 ‘satis
1125 3329 1206 3401 per·

131 3453 267 3555 spicio,
302 3441 484 3545 quomodo
518 3443 682 3510 iunctum
710 3453 792 3528 ‘por
820 3431 1010 3502 consulum
1036 3422 1133 3496 idem
1161 3421 1211 3494 sit*

130 3572 233 3676 quod
266 3571 321 3642 bis
352 3591 428 3637 uno
462 3561 640 3634 consules.
705 3553 788 3625 Mea
824 3571 940 3624 autem
983 3573 1026 3618 ex
1054 3542 1206 3638 lectione

44 3699 49 3707 ’
131 3693 290 3770 Caesaris
312 3689 436 3773 virtusz
447 3703 482 3753 et
505 3664 693 3752 considium
715 3672 861 3773 optime,
889 3667 928 3740 ni
949 3665 1063 3754 fallor,
1093 3685 1206 3762 oppo-

94 3811 101 3836 s
135 3837 276 3892 nuntur
303 3805 464 3884 subdolis
481 3796 640 3895 Pompeii
661 3793 846 3892 Crassique
873 3780 1207 3900 machinationibuq.
1251 3839 1257 3852 Ι
