2958 5038
1069 486 1198 606 ·,⁹³
1314 451 1416 504 ”

119 667 250 772 Itaque
271 667 416 740 tortasse
438 669 655 766 assequimur
677 667 802 742 Velleii
824 689 973 742 manum
996 672 1167 770 legendo:

234 791 411 883 „quippe
448 790 544 860 vixit
582 792 735 884 angusti
773 792 873 894 clevi
906 817 1080 890 purpura
1117 819 1201 866 cou-

235 916 398 978 tentus.“

120 1025 298 1099 Similiter
322 1023 491 1100 Ovidius:
516 1027 687 1102 Induitur
711 1028 884 1102 humeros
909 1057 992 1102 cum
1017 1032 1089 1106 lato
1115 1060 1201 1132 pur-

120 1171 219 1243 pura
233 1145 357 1218 clavo.
410 1207 419 1220 .

226 1264 327 1352 Quae
358 1267 687 1368 quomodocunque
712 1294 787 1340 sese
808 1267 965 1361 habent,
991 1268 1081 1342 illud
1105 1271 1202 1344 inter

109 1403 271 1480 [omnes,
305 1387 451 1485 opinor,
485 1407 623 1458 constat
653 1385 861 1462 adverbium
883 1413 986 1484 pene
1013 1387 1072 1460 hic
1096 1390 1201 1486 plane
1254 1413 1261 1423 ²

122 1507 302 1579 absonum
328 1531 402 1578 esse
425 1529 460 1577 et
484 1504 687 1579 absurdum.

440 1889 691 2026 estut·
717 1912 885 2002 exv.

551 2073 620 2127 vul.
635 2053 673 2137 rr,
691 2053 735 2124 es.
749 2071 776 2130 s.

194 2151 196 2156 ¹
477 2181 480 2190 ν
957 2163 963 2192 ι

114 2251 117 2254 ·
169 2201 172 2208 ,
193 2223 409 2301 „Consulatus
426 2226 635 2288 tantumnodo
648 2245 747 2307 ,usque
764 2225 809 2307 ud
827 2225 1015 2287 undecimam
1035 2247 1123 2309 quarn
1136 2239 1225 2292 const

120 2332 263 2393 statuet
284 2327 402 2392 Caesar
421 2332 588 2412 impetrare
602 2331 739 2411 potuit.“
780 2335 830 2386 ltu.
850 2351 891 2402 pr.
911 2332 998 2406 2³19.
1033 2320 1034 2328 ¹

399 2477 412 2514 h
601 2473 720 2482 .—-----..-

122 2573 396 2683 scribendum:
420 2608 632 2684 Consulatus
657 2610 906 2683 tantummodo
931 2638 1043 2710 usque
1069 2612 1115 2685 ad
1135 2593 1203 2688 uir·

77 2763 82 2772 ¹
124 2728 312 2802 decimum
336 2753 444 2829 quem
465 2731 687 2802 continuaret
700 2712 1043 2842 'Caesar‘impetrari
1076 2735 1201 2833 potuit.

77 2917 80 2924 .
121 2847 233 2934 Quae
275 2835 322 2922 ad
358 2850 508 2922 verbum
548 2850 599 2922 sic
643 2849 773 2949 opinor
820 2849 1036 2948 explicarent
1074 2853 1203 2927 Gram-

123 2969 247 3044 matici
278 2971 380 3066 (cave
416 2991 517 3068 putes
549 2997 607 3042 me
639 2969 728 3042 haec
759 2997 826 3069 pro
857 2969 991 3044 Latinis
1020 2971 1202 3068 vendere)

122 3089 342 3164 Consulatus
382 3090 577 3188 (singulari
616 3094 792 3183 numero)
830 3090 973 3160 nonnisi
1014 3117 1127 3189 usque
1159 3090 1204 3164 ad

123 3209 255 3286 ΧΙ11111111
269 3231 310 3281 ut
333 3237 415 3282 eum
436 3211 661 3282 continuaret
684 3205 725 3298 (il
740 3235 781 3291 e„
797 3212 972 3304 deinceps
995 3231 1034 3281 ut
1049 3223 1204 3307 gereret)

123 3329 315 3428 impetrari
330 3328 462 3428 potuit3
490 3307 657 3402 undecies
679 3349 819 3400 tantum
843 3349 884 3399 ut
898 3329 974 3399 sine
997 3330 1072 3400 ulla
1093 3329 1204 3403 inter·

123 3449 294 3523 missione
311 3447 476 3548 deinceps
496 3450 605 3520 fasces
627 3448 813 3548 acciperet,
836 3448 1056 3522 commoveri
1074 3449 1202 3547 potuit.

129 3569 195 3641 Est
218 3568 307 3641 haec
330 3571 446 3667 figura
475 3551 617 3641 Giaecis
653 3569 841 3667 praecipue
866 3569 1000 3641 usitata.
1057 3567 1110 3640 Ita
1132 3569 1204 3640 De-

125 3688 259 3763 mosth.
291 3673 384 3759 orirer
403 3674 733 3788 ἐπιδειχθήσονται
751 3676 821 3760 οἷοί·
833 3679 919 3759 εἰσιν
935 3673 1136 3788 ἅνθρωποι.
1147 3719 1209 3754 ·-.

125 3807 250 3894 Quam
279 3787 331 3882 ¹iu
376 3837 454 3882 retu
483 3811 684 3884 Matthiecus
724 3838 779 3907 gr.
808 3809 869 3883 Gr.
904 3808 1061 3881 conferri
1107 3808 1206 3879 iubet

128 3909 345 4002 Ciceronem
380 3955 425 4024 so
457 3931 485 4028 ᾗ.
513 3933 569 4004 68.
598 3933 659 4002 fiu.
692 3921 734 4022 ¹lt,
775 3931 809 4003 6.
837 3935 955 4002 rt-
1002 3927 1049 4002 Et
1085 3927 1205 3998 confe-

126 4069 255 4122 rantur
295 4051 405 4150 ipsius
430 4051 561 4126 Velleii
589 4051 669 4122 illa:
722 4049 814 4148 „qui
851 4047 1011 4148 protinus
1053 4067 1204 4144 quantus
1288 4037 1291 4053 ’

123 4189 182 4241 est
206 4171 341 4269 sperari
362 4191 539 4268 potuerat.
598 4171 640 4244 L.
656 4169 705 4243 Il,
735 4198 765 4242 c.
780 4176 838 4266 94.
868 4169 897 4266 ᾗ.
919 4193 950 4240 2.
