2958 5038
536 805 539 820 '
571 807 821 903 GAPM'
869 805 1012 902 ux

551 1049 554 1056 Ι
667 972 736 1026 vot
752 967 859 1039 usa.
877 968 934 1023 4.-
1005 1030 1008 1044 ,

334 1168 357 1200 ‚,
368 1121 588 1210 Cotlanrst'squo
610 1124 814 1188 uwciuottuf‘
860 1099 862 1106 ,

740 1265 837 1287 ξ

185 1397 187 1404 ’
255 1367 442 1508 Quamvis
469 1426 595 1476 notum
620 1363 665 1492 sit
686 1401 785 1502 quod
810 1401 982 1474 Krausius
1005 1397 1110 1474 docet
1133 1401 1242 1497 verba¹
1267 1427 1329 1474 co-

252 1523 389 1596 thurnis
431 1523 601 1599 solemnia
637 1547 711 1595 esse
750 1549 777 1598 s.
811 1521 938 1594 vinciri
979 1545 1005 1596 s.
1043 1521 1107 1592 niti
1142 1547 1168 1596 s.
1200 1521 1328 1594 inniti:

252 1653 370 1716 tamen
405 1668 518 1738 neque
552 1642 685 1714 subniti
720 1639 902 1714 cothurnis
934 1638 1007 1714 'dici
1038 1660 1173 1740 potest,
1208 1665 1328 1738 neque

254 1758 353 1858 quod
380 1759 488 1856 vulgo
518 1758 646 1856 legitur
675 1759 867 1829 cothurnis
895 1761 1102 1830 succinctus
1132 1760 1329 1834 immutan-

254 1876 343 1950 dum
365 1904 438 1950 esse
460 1904 543 1950 cum
562 1875 699 1950 Orellio
721 1876 949 1950 subtilissimo
970 1877 1165 1950 Latinitatis
1193 1879 1327 1966 arbitro

253 1996 510 2071 contendimus.
561 1997 732 2095 Succingi
756 1994 939 2069 cothurnis
964 1997 1102 2095 poetica
1133 1995 1196 2070 sed
1221 1998 1336 2070 etiam¹

251 2115 438 2189 Volleiana
472 2116 609 2190 locutio
647 2137 716 2210 est,
752 2115 853 2190 cuius
886 2116 968 2190 loco
998 2141 1122 2211 prosae
1155 2117 1327 2191 orationis

249 2234 438 2333 scriptores
479 2237 631 2351 posituri
669 2237 829 2311 fuissent:
884 2233 1078 2308 cothurnos
1123 2237 1326 2312 succinctos

249 2370 398 2451 gestans.
445 2354 492 2430 Et
513 2355 678 2458 respicias
696 2383 825 2454 quaeso
845 2355 1066 2428 Graecorum
1089 2335 1326 2432 oratornec

247 2470 300 2544 Ita
315 2499 372 2572 sp
384 2473 556 2549 Herodot.
575 2501 608 2570 1,
628 2480 708 2550 155.
722 2477 780 2551 61.
811 2458 1009 2576 κοθόρνους
1025 2463 1249 2552 urrisun.

565 2784 834 2955 'cornu
868 2860 982 2955 nx
1046 2967 1049 2973 .

412 3033 416 3040 ·
466 3031 468 3036 ·
545 3019 872 3093 v011.11,63.t.p.102
886 3022 926 3077 ιι.
940 3023 1021 3078 orsu.

325 3167 440 3242 „Mora
477 3181 581 3236 autem
615 3173 694 3238 turc
734 3195 810 3236 atax
844 3175 1023 3242 wormium
1058 3177 1197 3240 unitatur
1234 3183 1326 3238 ert.“

245 3276 296 3328 Ed.
314 3294 356 3348 pr,
374 3275 460 3350 p.47.¹

245 3485 406 3610 Accidit
424 3525 484 3600 hie
504 3529 605 3628 quod
624 3559 740 3632 saepe,
764 3550 804 3607 ut
818 3531 980 3610 librarius
998 3560 1089 3632 quae
1104 3533 1190 3608 falsa
1209 3533 1326 3631 scrip·

245 3665 337 3726 serat
361 3667 496 3743 puncto
528 3647 665 3727 dolatili
695 3672 815 3733 notare
841 3653 1045 3752 negligeret·
1096 3654 1178 3726 Hoc
1203 3671 1326 3726 autem

244 3761 382 3839 modo
372 3793 408 3838 ιιι
423 3792 581 3842 errorem
598 3769 766 3848 inductus
777 3790 840 3846 est
885 3773 1117 3870 Legebantur'
1107 3802 1144 3848 ιιι
1165 3799 1208 3855 so
1224 3772 1326 3847 unde

240 3880 338 3954 liber
372 3883 628 3961 Murbacensis
663 3890 763 3962 fluxit
804 3889 945 3962 codice:
995 3898 1325 3980 moxauunualum

242 3997 353 4085 Quod
374 4005 465 4078 falso
495 4005 666 4078 dirimens
693 4009 795 4105 legit:
825 4035 912 4081 moa·
927 4037 988 4081 au
1013 4039 1102 4100 unc,
1140 4034 1180 4085 ut
1202 4017 1325 4090 fieret:

138 4128 145 4135 '
207 4215 215 4236 Ι
242 4145 328 4191 mox
358 4137 486 4195 autem
520 4129 629 4199 hunc
689 4125 792 4213 Quae
827 4147 945 4203 tamen
980 4159 1092 4230 quum
1128 4134 1326 4232 scripsisset

240 4236 381 4332 subito,
428 4240 528 4340 quod
569 4245 710 4338 restitit,
761 4246 856 4320 illud
896 4251 1000 4322 ulum
1040 4251 1340 4341 animadvertens
