2958 5038
604 843 851 946 GAPW
879 849 1074 946 11va-

441 967 443 974 γ
558 1013 624 1070 vell.
641 1016 688 1077 11,
705 1012 756 1068 ’9θ.
781 1014 804 1068 1.
834 1032 860 1087 p.
881 1010 943 1068 108.
966 1016 1006 1070 ad.
1028 1014 1110 1070 Orell.

371 1159 539 1243 »8φαὶΙὺ
559 1163 648 1228 belle
669 1165 808 1230 oioibt‘bsoe
825 1163 1125 1248 coalescentibusque
1141 1167 1218 1246 reip.
1240 1163 1366 1227 memdn'a

301 1273 454 1327 eteorum
472 1265 571 1330 aliero
587 1288 668 1352 qaae
681 1280 745 1332 tam
763 1270 857 1352 naqa
874 1289 1026 1332 mamma
1042 1271 1139 1331 aenaea
1152 1268 1365 1346 homerum

301 1374 531 1446 mmmm

778 1497 900 1520 =.-.-··==

196 1721 198 1726 .
300 1622 419 1730 Nihil
445 1658 586 1752 attinet,
623 1683 780 1760 repetere
809 1688 900 1762 quae
929 1661 1100 1735 adhunc
1127 1665 1251 1736 locum
1280 1658 1363 1732 resti·

299 1776 476 1849 tuendum
509 1778 677 1850 tentarint
710 1779 946 1881 Interpretes3
985 1808 1140 1881 quorum
1176 1779 1240 1882 qni
1271 1779 1365 1854 rerba

300 1921 430 1967 coram
480 1899 599 1968 aliero
645 1918 713 1996 pro
759 1917 934 1998 corrupto
976 1901 1186 1998 glossemate
1232 1897 1364 1988 hahent,

299 2016 461 2088 omnium
489 2015 695 2114 longissime
718 2016 929 2092 videntura
956 2043 1043 2092 vero
1066 2020 1256 2090 aberrasse.
1302 2011 1364 2088 Sed

297 2137 335 2209 in
365 2134 432 2210 hac
473 2136 733 2244 desperantium
763 2136 997 2210 'Criticorum
1037 2164 1168 2211 corona
1205 2135 1365 2210 Orellium

278 2280 442 2355 ‘quoque
469 2256 718 2355 conspicimus.
768 2255 803 2330 Is
825 2258 922 2330 enim
949 2257 1107 2358 Sauppio
1133 2247 1179 2331 V.
1203 2256 1250 2330 D.
1276 2257 1364 2328 olne-

297 2398 428 2473 quutus
462 2357 616 2474 ingenue
644 2377 789 2450 fatetur:
832 2377 996 2470 „Melior
1026 2399 1065 2450 ut
1096 2377 1169 2450 loci
1196 2373 1364 2447 medicina

297 2495 493 2594 reperiatur
523 2521 566 2567 ex
590 2494 708 2568 animo
742 2501 864 2595 opto.“
924 2495 1033 2584 Quod
1064 2494 1221 2570 Helvetii
1253 2493 1361 2568 claris·

296 2612 377 2684 simi
418 2603 583 2712 optatum
630 2614 775 2687 sortasse
820 2615 956 2713 expleri
998 2641 1100 2714 posse
1151 2637 1361 2716 magnopere

301 2730 487 2804 laetamur.
1117 2739 1120 2744 ’

396 2889 526 2994 Neque
560 2891 657 2966 enim
696 2892 916 2990 dubitamus,
959 2923 1026 2997 pro
1058 2915 1153 2970 certa
1189 2895 1261 2970 loci
1296 2917 1365 2968 cor·

267 3079 271 3090 ,
296 3014 453 3090 rectione
476 3013 608 3088 habere
628 3012 738 3086 haec:

315 3238 323 3254 Ι
397 3135 797 3246 =‚,coaleacentidnsqne
824 3134 924 3232 reip.
957 3122 1134 3207 membris
1173 3161 1266 3206 eura
1297 3156 1364 3206 me-
1446 3219 1448 3246 4

402 3258 497 3326 liare
506 3265 532 3300 “

294 3371 396 3460 Quae
424 3371 631 3474 emendatio,
648 3373 781 3471 partim
805 3373 980 3467 Heinsi0‚
1010 3369 1207 3445 conficienti
1231 3424 1254 3463 ‚,
1264 3386 1298 3440 et
1325 3389 1363 3438 eo
1447 3423 1448 3464 p

294 3518 387 3563 cura
405 3490 584 3586 maiore,“
606 3492 734 3592 partim
755 3491 901 3564 Herelio
924 3491 1146 3590 proponenti
1171 3489 1365 3583 „iunctura

292 3614 477 3684 meliore“
505 3611 683 3710 originem
706 3610 810 3684 dehet
834 3639 944 3686 suam.
1050 3631 1052 3636 ’
1447 3603 1448 3610 ¹

390 3770 533 3844 Deinde
552 3771 767 3845 vocabulum
793 3787 830 3844 et
849 3774 918 3846 nisi
942 3771 1040 3846 malis
1066 3795 1208 3843 mecum
1228 3771 1265 3842 in
1287 3770 1363 3839 eius

290 3913 448 3986 mutare,
474 3891 734 3967 substantivum
762 3891 910 3992 aliquod
943 3915 1190 3991 praegressum
1226 3909 1363 3962 statues.

178 3993 180 4000 Ι
291 4009 412 4098 Quare
437 4012 585 4086 fortasse
614 4012 746 4087 Velleii
776 4029 828 4085 est
851 4011 939 4086 hoe:
975 4007 1038 4106 ,',e.
1062 4039 1091 4084 r.
1118 4037 1154 4110 p.
1179 4010 1366 4084 medicina

290 4150 325 4202 et
345 4157 431 4204 aura
459 4134 644 4210 meliore.“
706 4131 887 4208 Voculam
924 4134 1004 4205 eina
1028 4159 1059 4206 c.
1090 4159 1139 4204 m.
1167 4149 1270 4203 tueor
1301 4127 1362 4200 illo

199 4303 201 4306 -
295 4249 413 4320 statim
427 4253 682 4346 praecedente:
709 4309 732 4348 ,,
746 4251 824 4326 Nos
844 4277 1022 4326 memores
1042 4249 1267 4349 professionis
1288 4245 1362 4318 uni·
