2958 5038
312 839 314 856 '
382 881 978 978 onnon—txxxvr.

452 1045 520 1102 ver.
529 1041 568 1107 11,
586 1037 646 1104 nt.
665 1062 692 1116 p.
702 1041 753 1098 nt
768 1043 896 1100 norae

214 1193 433 1280 „Affertdnqne
466 1217 527 1278 pro
551 1185 712 1258 'stomun
745 1195 854 1257 ordine
879 1153 1030 1284 'omrai
1060 1201 1214 1278 aesttw

127 1308 184 1361 Ed.
205 1325 246 1378 pr.
265 1325 291 1375 ρ.
305 1307 354 1364 62.

631 1424 726 1433 .—--·-

631 1435 725 1443 ——-—-·

128 1565 276 1706 Quum
304 1627 420 1696 agere
434 1603 511 1694 pro
538 1599 720 1670 tribunali
753 1599 923 1672 solemnis
953 1602 999 1673 sit
1036 1605 1209 1698 formula,

127 1746 316 1824 quumque
347 1717 460 1796 verno
486 1709 664 1794 nahem
692 1714 829 1816 optime
854 1717 1046 1808 adderetur
1084 1723 1212 1798 adver·
1256 1763 1260 1770 ·

125 1841 245 1916 bium:
274 1839 465 1914 rectissime
488 1837 578 1911 mihi
597 1836 838 1912 Ruhnkenius
870 1867 996 1915 vocem
1023 1849 1156 1916 ordine
1173 1844 1212 1917 in

126 1962 375 2060 suspicionem
413 1985 555 2036 vocasse
591 1939 740 2036 videtur.
804 1961 948 2047 ¹Quare
985 1989 1211 2060 assequemur

125 2085 278 2156 fortasse
307 2080 443 2155 velleii
471 2105 618 2154 manum
650 2077 820 2182 legendo:
855 2083 1054 2176 torpedine
1082 2085 1211 2154 trohe-

126 2203 200 2275 hat
226 2204 385 2274 aestiva.
442 2201 545 2275 Voce
572 2203 704 2270 ordine
731 2199 834 2272 toties
863 2200 968 2275 obvia
1002 2227 1080 2274 eam
1105 2229 1212 2299 quam

126 2311 335 2394 invenimus
358 2346 485 2395 vocem
493 2321 598 2413 'torn
619 2339 744 2418 utpote
761 2319 963 2394 inusitatam
978 2324 1061 2396 loco
1077 2341 1214 2398 motam

125 2459 307 2540 putamus.
353 2435 629 2514 Attendendnm
656 2456 838 2537 praeterea
869 2458 942 2534 est,
980 2445 1215 2542 consequenti

105 2562 171 2636 -in
196 2560 309 2660 capite
334 2559 556 2654 segnitiam,
583 2573 618 2630 et
643 2557 769 2658 paullo
792 2579 875 2656 post
895 2539 1107 2658 maroornn
1123 2564 1215 2637 eins·

128 2679 219 2754 dem
243 2677 420 2754 Varronis
450 2675 626 2752 denotari.
655 2719 707 2738 -·-
757 2677 878 2781 Quam
905 2679 1147 2756 ooniecturam
1174 2704 1217 2757 nt

125 2801 172 2876 in
205 2798 366 2876 medium
395 2799 617 2899 proferrem,
651 2795 826 2872 adductus
857 2825 940 2872 sum
971 2798 1027 2872 h'u
1053 2801 1215 2875 Kreusii:
1295 2801 1300 2810 '

39 2945 43 2952 ’
125 2919 285 3016 „Agere
300 2945 378 3015 pro
395 2919 576 2992 tribunali
597 2916 778 2992 sollemnis
794 2918 950 2990 formtrla
970 2943 1043 3015 pro
1061 2921 1215 2994 barbaro

126 3065 241 3140 agere
262 3039 301 3114 iu
326 3035 508 3120 tribunali.
539 3062 573 3110 v.
595 3033 669 3131 Cic.
693 3033 740 3108 ad
755 3035 835 3110 Div.
851 3035 920 3120 III,
935 3038 970 3127 8,
996 3057 1065 3112 aet
1085 3040 1118 3111 6.
1151 3039 1216 3111 nbi

126 3157 205 3238 vid,
235 3158 266 3231 Ι.
293 3157 330 3230 F.
360 3155 524 3230 Gronov.
553 3154 644 3230 Plin.
667 3154 735 3255 Ep.
764 3153 890 3246 H,1o.
924 3153 1023 3230 Suet
1047 3155 1168 3231 vireu.
1192 3185 1215 3255 9

129 3277 223 3354 dixit
246 3304 316 3378 pro
338 3274 512 3352 tribunali
536 3273 613 3348 iura
637 3271 786 3348 reddere
796 3327 815 3368 ‚,
834 3271 936 3373 quod
951 3272 1012 3350 hie
1033 3277 1135 3352 locus
1159 3303 1217 3351 ex-

126 3381 273 3500 plicatss
322 3395 433 3480 Unde
458 3423 573 3496 quum
599 3394 788 3487 efficiatur,
814 3396 965 3468 verbum
988 3399 1122 3473 ordine
1147 3399 1217 3471 sol-
1271 3439 1273 3445 ·

114 3518 247 3606 ¹lemni
266 3517 321 3593 illi
341 3542 418 3612 pro
445 3514 628 3588 tribunali
649 3541 766 3611 ogere
790 3513 949 3617 adverbii
968 3517 1050 3591 loeo
1073 3519 1217 3592 annecti

130 3665 211 3712 non
247 3661 351 3735 posse
381 3679 433 3694 --
460 3632 499 3706 id
530 3633 631 3734 quod
660 3635 767 3718 etiem
797 3663 862 3735 per
894 3638 1092 3711 verborum
1123 3638 1217 3736 posi·

130 3758 271 3830 tionem
299 3756 376 3828 fieri
401 3754 508 3853 plane
532 3754 656 3853 nequit
671 3798 716 3811 —
746 3778 908 3856 apparet,
933 3756 1026 3830 illud
1045 3758 1074 3829 si
1097 3784 1219 3831 revera

130 3879 370 3956 Velleianum
405 3893 514 3968 esset,
548 3873 593 3947 ad
622 3876 770 3950 verbum
799 3879 978 3950 trahebat
1001 3877 1124 3948 referri
1157 3875 1217 3948 de-

132 4003 233 4100 bere.
288 3995 399 4085 Quod
420 3993 520 4071 vides
540 4023 649 4096 quam
674 3981 805 4096 ἄκυρον
829 3999 884 4070 sit.
936 3997 1077 4068 Eumne
1093 3994 1219 4070 ordine
1263 4006 1267 4016 “

132 4123 279 4196 traxisse
316 4115 470 4192 aestiva?
526 4117 643 4190 Immo
686 4116 896 4214 torpedine,
926 4117 1089 4217 segnitia,
1126 4144 1219 4190 mar·

133 4268 241 4337 core;
265 4238 332 4312 nisi
360 4241 451 4311 forte
472 4237 591 4346 malis:
1229 4237 1235 4252 ’

888 4343 939 4406 8*
