2968 5046
272 444 342 558 44,

277 639 460 727 Pontiae,
495 631 635 732 egregie
664 631 866 727 potentiae
895 629 1086 704 efficientis.
1148 627 1205 700 De
1240 626 1367 700 altero

274 782 360 831 vero
381 753 481 855 quod
506 756 542 828 in
569 751 729 828 medium
751 752 887 852 profert
904 755 1004 838 mule
1027 748 1140 852 ausim
1163 748 1365 824 incurrere

272 876 312 948 in
348 873 494 947 Krausii
538 849 846 973 vituperationem:
897 869 1166 964 „felicissimam
1200 889 1235 942 et
1272 869 1364 970 pul-

274 995 498 1069 cherrimam'
527 993 637 1091 Lipsii
665 991 905 1064 coniecturam
942 990 1169 1086 insequentes
1203 987 1363 1060 criticos

273 1115 460 1213 ingenium
485 1141 591 1185 suum
618 1134 659 1184 ut
681 1111 842 1186 videatur
864 1114 1100 1184 ostentaturus
1119 1108 1362 1181 deseruisse.⁰‘

274 1235 480 1330 Etenimxea
507 1255 558 1306 est
578 1234 615 1306 in
637 1233 804 1355 Lipsiaqa
828 1233 981 1305 lectione
996 1232 1190 1340 verborum
1212 1229 1361 1327 positi0‚

274 1377 315 1427 ut
344 1355 475 1427 mirum
504 1353 624 1452 potius
653 1375 729 1425 esse
740 1351 941 1445 ‘'videatur,
978 1371 1032 1424 tot
1061 1370 1250 1449 tantosque
1277 1347 1360 1420 Cri-

274 1476 361 1549 ticos
406 1475 443 1546 in
487 1499 526 1545 ea
572 1461 797 1573 acquievisse.
873 1471 1043 1572 Namque
1086 1470 1177 1542 haec
1220 1468 1358 1568 Lipsii:

274 1594 426 1689 ,‚Obiit,
455 1595 503 1666 ait
528 1593 751 1690 (Velleius),
787 1592 939 1686 unicum
960 1593 1093 1692 pignus
1118 1620 1144 1665 s.
1169 1588 1361 1666 vinculum
1453 1661 1457 1668 ,

276 1714 488 1787 concordiae
504 1712 597 1783 male
619 1711 688 1782 iam
706 1711 905 1784 haerentis“
932 1738 1051 1784 nonne
1073 1739 1112 1784 ea
1136 1713 1212 1811 ipsa
1238 1731 1361 1783 osten-

266 1835 388 1925 dunt,
424 1833 590 1908 voculam
625 1837 704 1905 iam
744 1859 786 1904 ex
819 1832 887 1905 hac
920 1832 1033 1933 Lipsii
1066 1833 1238 1907 sententia
1272 1833 1360 1906 satis

273 1955 395 2054 inepte
422 1952 575 2054 positam
611 1978 685 2024 esse
718 1973 798 2053 post
830 1957 1015 2046 medium,
1048 1982 1161 2053 quum
1189 1953 1361 2053 excipere

274 2075 437 2148 debuerit
461 2100 584 2146 vocem
611 2074 648 2146 in
673 2067 783 2173 qua'm
808 2073 949 2172 Lipsius
977 2073 1122 2167 incidit,
1151 2071 1279 2144 male?
1309 2119 1359 2130 -

272 2196 477 2294 Lipsiauam
508 2194 715 2266 sententiam
755 2193 803 2266 ita
846 2195 1076 2293 expressurus
1112 2194 1234 2266 luisset
1268 2193 1357 2268 Vel-

272 2316 382 2387 leius:
424 2314 583 2411 Septimo
619 2315 729 2385 ferme
771 2340 867 2386 anno
906 2312 1033 2385 Caesar
1071 2317 1278 2387 morabatur
1316 2313 1359 2385 in

275 2434 412 2519 Galliis,
438 2462 522 2506 cum
547 2432 708 2506 medium
736 2460 779 2503 ex
803 2431 936 2506 invidia
957 2432 1143 2532 potentiue¹
1161 2437 1254 2508 male
1281 2435 1359 2507 iam

274 2554 496 2627 cohaerentis
517 2555 609 2626 inter
632 2553 698 2624 Cn.
718 2553 930 2652 Pompeium
951 2576 987 2626 et
1001 2553 1041 2626 G.
1056 2554 1245 2628 Caesarem
1268 2581 1360 2628 con-

274 2672 418 2744 cordiae
444 2675 575 2772 pignus
597 2673 692 2745 Julia
716 2699 806 2746 uxor
833 2673 957 2772 Magni
984 2673 1143 2748 decessit

374 2825 517 2901 Deinde
549 2825 638 2900 mihi
671 2825 818 2926 quidem
851 2828 949 2901 vocis
979 2831 1164 2910 Camillae
1189 2829 1227 2901 in
1251 2833 1360 2901 mule

273 2947 471 3022 decurtatio
503 2945 692 3020 violentior
714 2971 787 3016 esse
812 2944 970 3040 videtur,
1007 2975 1115 3047 quam
1145 2974 1238 3047 quae
1264 2948 1360 3021 ferri

272 3069 393 3170 possit.

373 3221 511 3308 Quibus
543 3217 588 3291 de
624 3219 752 3292 caussis
786 3217 954 3321 equidem
986 3218 1159 3296 adiectivo
1191 3221 1248 3295 illi
1277 3251 1359 3295 me-

274 3347 379 3446 dium
407 3343 513 3412 aliam
541 3360 647 3438 atque
672 3341 853 3437 vulgarem
889 3339 963 3413 vim
995 3341 1158 3414 attribuo.
1220 3341 1357 3444 Neque

274 3464 372 3537 enim
400 3455 502 3533 esti.⁸
531 3488 563 3556 q.
590 3459 838 3551 intermedius,
868 3460 919 3533 iu'
940 3460 1059 3534 medio
1094 3464 1253 3564 positus,
1287 3464 1357 3538 sed

271 3582 443 3683 significat
475 3608 502 3652 s.
532 3605 685 3680 anceps,
726 3607 752 3654 s.
782 3579 984 3654 mediocris.
1069 3582 1209 3657 Eodem
1245 3610 1357 3658 sensu

272 3704 375 3776 etiam
419 3700 537 3774 media
572 3701 788 3774 libertorum
828 3700 919 3775 fides
966 3724 1111 3777 notatur
1148 3734 1168 3776 a
1209 3707 1354 3782 Velleio

273 3853 349 3924 cap.
365 3826 423 3916 67.
475 3821 528 3894 Ita
550 3821 651 3918 rides
666 3825 771 3894 verba
790 3821 972 3923 sequentia
994 3852 1039 3896 ex
1055 3826 1203 3898 invidio
1216 3841 1355 3923 poten·

271 3948 349 4016 tiae
370 3943 426 4016 illi
452 3945 618 4014 medium
646 3942 856 4040 explicando
881 3945 1061 4020 inservire.

259 4185 263 4194 .
369 4115 470 4203 Quid
496 4137 617 4191 autem
639 4145 796 4216 ‘agamus
822 4145 906 4194 cum
937 4120 1004 4194 illo
1027 4120 1227 4220 scripturae
1248 4147 1356 4194 mon·
1472 4209 1473 4216 ἵ

270 4258 344 4310 stro
378 4237 594 4310 canetae?
641 4237 812 4314 Forum·
839 4239 928 4314 nibil
958 4239 1058 4315 aliud
1083 4241 1279 4342 legendum
1302 4264 1357 4316 est
1469 4255 1470 4266 ¹
