2958 5038
634 765 881 911 nseun
917 815 1028 908 xo.

584 980 651 1053 llell.
663 980 699 1048 11,
713 977 776 1032 tto,
797 976 822 1032 1.
841 999 868 1052 p.
883 975 934 1032 137
952 978 994 1033 etl.
1006 975 1087 1030 Orell.

376 1132 567 1206 „Proeridic
587 1135 701 1204 munit,
726 1152 762 1193 ee
786 1129 997 1213 mpnitudirm
1023 1149 1080 1190 suo
1105 1147 1165 1188 non
1190 1125 1302 1204 fiducia
1324 1124 1367 1187 lo·

295 1237 386 1296 stium
408 1239 567 1299 metiens.“
610 1243 662 1297 Ed.
682 1259 721 1311 pr.
744 1259 770 1311 p.
784 1241 832 1301 63.

789 1379 882 1388 ——-=

788 1390 882 1400 ...na—-

208 1583 210 1588 .
292 1479 479 1592 Burerius
506 1544 614 1616 quem
637 1542 778 1592 rnorem
800 1517 839 1588 in
866 1512 1154 1587 annotationibus
1180 1509 1368 1584 scribendis

246 1667 250 1684 ·
292 1657 462 1736 sequutus
487 1638 530 1710 sit
564 1636 682 1712 adhuc
706 1663 838 1738 parum
868 1655 1091 1735 perspectum
1121 1651 1173 1704 est
1201 1653 1236 1704 et
1270 1631 1368 1729 expli·

292 1774 421 1831 catum.
472 1755 548 1830 Alii
577 1757 693 1850 enim,
723 1782 811 1854 quos
840 1755 999 1827 nominat
1023 1753 1216 1845 Kreusius‚
1232 1756 1276 1852 ‚ei
1298 1752 1368 1824 satis
1424 1798 1428 1809 ·

291 1874 419 1950 iniuste
459 1902 603 1950 omnem
638 1873 908 1978 propemodum
945 1873 1056 1946 fidem
1094 1871 1285 1946 detrahere
1318 1896 1368 1944 co-

292 2015 444 2089 nantur,
475 1998 533 2070 alii
561 1998 779 2090 Ruhnkenio
814 2014 1006 2096 praeeunte
1032 1994 1110 2065 falsi
1135 2015 1220 2100 sunt
1258 2013 1293 2066 et
1317 1991 1368 2064 de·

294 2118 389 2217 cepti
411 2118 521 2217 ipsius
549 2105 690 2192 Burerii
714 2101 992 2218 quantacunque
1022 2113 1221 2212 diligentia.

314 2269 316 2274 ·
393 2234 467 2323 Qui
483 2239 598 2334 quum
617 2265 694 2313 sese
719 2265 833 2326 „non
861 2235 972 2310 modo
991 2261 1140 2332 *versum
1157 2233 1289 2326 versui,
1314 2230 1368 2305 sed

291 2413 315 2451 ‚‚
328 2358 433 2432 etiam
459 2360 632 2460 syllabam
654 2359 816 2460 syllabae·
835 2379 870 2430 et
895 2355 1011 2457 (quod
1033 2355 1140 2428 alicui
1162 2356 1245 2454 plus
1272 2379 1368 2451 quant

290 2485 311 2572 33
322 2478 504 2552 curiosum
519 2508 560 2552 ac
582 2505 675 2580 pene
690 2475 966 2564 stultum,videri
981 2487 1104 2578 queat)
1118 2475 1222 2547 etiam
1237 2473 1369 2548 literam

291 2599 438 2690 „literae
463 2601 676 2672 contulisse“
700 2598 928 2698 praedicarit,
945 2598 1018 2670 hoc
1040 2624 1144 2668 suum
1159 2594 1368 2693 promissum

293 2715 562 2816 diligentissime
595 2721 755 2793 exsolvit.
811 2718 910 2806 Quin
943 2717 1032 2791 adeo
1061 2738 1158 2790 tanta
1182 2745 1267 2789 cum
1293 2741 1370 2787 cura
1444 2729 1445 2732 ’

291 2863 369 2912 rem
394 2838 500 2937 gessit
522 2866 642 2932 suam,
674 2858 747 2912 tarn
772 2840 874 2914 anxie
904 2838 1024 2912 omnia
1051 2855 1292 2936 perscrutatus
1314 2855 1371 2926 est,
1440 2841 1444 2852 '

260 2945 331 3030 'ut
354 2984 437 3032 eam
468 2941 583 3059 ipsam
614 2962 661 3032 ob
691 2988 850 3034 caussam
877 2989 897 3032 a
931 2959 1055 3031 multis
1089 2959 1154 3057 qui
1186 2956 1242 3055 id,
1259 2957 1371 3051 nunus

287 3101 521 3180 perceperant
559 3082 690 3158 iniuria
728 3083 770 3154 sit
807 3083 1031 3180 vituperatus.
1096 3078 1140 3151 In
1181 3077 1372 3154 excitandis

259 3199 262 3204 ’
290 3201 387 3273 enirn
411 3222 526 3275 textus
553 3229 660 3301 quem
683 3200 810 3276 dicunt
830 3201 947 3275 verbis
972 3201 1144 3274 Burerius
1170 3200 1199 3272 si
1222 3200 1316 3272 forte
1337 3196 1373 3270 id

288 3338 426 3394 tantum
464 3323 558 3420 agit,
608 3343 649 3394 ut
697 3343 755 3394 aut
804 3323 998 3397 verborum
1046 3320 1263 3422 positionem
1316 3337 1373 3389 aut

288 3441 454 3514 vocabuli
483 3443 631 3516 alicuius
666 3470 756 3543 quae
794 3445 904 3541 vulgo
932 3444 1071 3541 legatur
1104 3443 1262 3513 sormam
1298 3465 1372 3510 mu·

288 3559 433 3634 tindam
479 3587 552 3634 esse
599 3565 796 3662 significet,
841 3547 989 3662 ‚singula
1032 3560 1213 3635 interdum
1264 3561 1371 3635 verba

288 3681 426 3756 omittit.
488 3680 617 3782 Neque
655 3703 770 3758 tamen
808 3685 881 3760 hoc
899 3683 995 3764 ¹ideo
1035 3685 1158 3756 fecisse
1190 3679 1374 3780 putandus

239 3855 241 3862 -
288 3821 358 3891 est,
387 3803 489 3901 quasi
512 3781 601 3880 haec
628 3831 719 3904 quae
744 3805 863 3878 omisit
886 3806 995 3880 verbo
1023 3805 1126 3876 etiam
1151 3805 1219 3904 ipsi
1240 3800 1374 3892 Velleii

287 3921 524 3998 abiudicanda
554 3951 628 3999 esse
662 3944 820 4019 censeat,
856 3951 966 4022 eaque
997 3925 1035 3996 in
1073 3924 1198 4012 codice
1227 3923 1373 3999 Murba-

287 4042 384 4116 ceusi
414 4046 563 4142 reperiri
593 4066 716 4146 neget,
757 4043 819 4118 sed
855 4031 953 4142 quia'
973 4073 1082 4146 quam
1112 4044 1374 4120 accuratissime

264 4158 415 4272 ,agendi
449 4163 566 4241 studio
598 4165 704 4264 plane
741 4185 866 4264 captus
900 4184 974 4238 erat
1005 4186 1040 4240 et
1072 4185 1270 4266 occupatus
1308 4163 1375 4236 alia

286 4279 408 4353 omnia
431 4282 686 4385 vilipendebat,
716 4286 974 4388 omittebatque
1000 4289 1180 4360 universo
1210 4285 1283 4371 loci
1302 4286 1376 4384 ali·
1443 4375 1445 4388 .
