2968 5046
253 489 414 558 ,20⁸

277 698 371 750 certa
396 676 465 748 sint
487 677 655 781 nullaque
682 677 881 778 coniectura
908 679 1112 778 indigeant,
1146 703 1185 750 ea
1214 697 1350 750 tantum

277 797 376 896 quod
398 795 610 868 adsensum
633 798 755 870 attinet
780 800 954 874 excutiam
982 799 1239 899 explicemque.

335 1077 339 1087 ,
376 988 523 1060 Constat
547 987 660 1080 enim,
684 987 720 1059 in
750 989 863 1088 prima
885 988 1025 1088 periodi
1052 1009 1168 1088 parte,
1194 991 1348 1064 averbis

279 1091 382 1210 puta:
408 1104 558 1204 Quippe
578 1109 744 1178 dictator
766 1123 916 1182 creatus
934 1136 1046 1210 usque
1067 1105 1112 1182 ad
1133 1107 1191 1181 illa
1209 1112 1266 1180 uti
1285 1136 1349 1206 ap-

191 1312 196 1342 l
268 1244 436 1332 paream
466 1249 555 1300 sarta
587 1247 678 1299 tecta
712 1253 785 1301 esse
820 1211 951 1302 omnia.
1010 1230 1107 1303 Dicit
1135 1229 1245 1328 igitur
1266 1227 1349 1304 Vel-

162 1411 165 1420 .
220 1435 223 1448 ⁸
276 1352 384 1442 leius,
426 1349 548 1420 seculo
583 1346 716 1420 diutius
748 1349 981 1422 intermissam
1017 1376 1090 1422 esse
1119 1349 1348 1423 Dictaturam.

276 1466 387 1579 Nunc
420 1490 538 1540 autem
571 1465 659 1567 quid
690 1467 776 1559 inde
806 1470 1063 1580 consequitur?
1097 1467 1186 1570 quid
1218 1467 1348 1544 iudea

275 1587 419 1665 Velleio
448 1589 614 1659 effectum
642 1585 861 1660 statuemus?

372 1797 592 1871 Ruhnkenio
621 1801 844 1872 assentientes
866 1802 1005 1898 legunt:
1033 1853 1058 1887 ‚,
1071 1805 1135 1872 Uri
1149 1817 1348 1899 appareat,

266 1923 454 2020 populum
485 1921 532 1990 R.
576 1946 686 1992 usum
716 1917 916 1992 dictatoris
949 1921 1058 1992 haud
1087 1924 1144 1994 ita
1176 1926 1217 1994 in
1250 1936 1350 1995 metu

256 2045 556 2126 ‘desiderassess
576 2039 648 2113 hoe
674 2065 797 2113 sensu:
824 2041 1006 2113 Romanos
1029 2066 1107 2113 eam
1123 2042 1170 2114 ob
1192 2069 1349 2116 caussam

272 2159 409 2235 tamdiu
438 2161 664 2234 intermisisse
687 2159 929 2254 Dictaturam,
953 2160 1042 2261 quia
1072 2187 1161 2260 qnos
1192 2162 1230 2232 in
1255 2161 1348 2234 bello

250 2308 314 2393 ‚9¹
343 2307 382 2354 ea
404 2262 597 2382 'percipere
624 2299 768 2378 possent
792 2280 949 2372 fructus,
991 2278 1017 2351 ii
1048 2285 1068 2351 'a
1094 2276 1260 2378 periculis
1285 2305 1347 2378 per

270 2402 420 2500 pirniam
450 2398 642 2474 Dictatoris
678 2417 886 2498 potestatem
919 2397 1075 2470 libertati
1107 2398 1193 2498 reip.
1232 2398 1349 2472 immi-

269 2522 434 2606 nentibus
468 2521 577 2616 longe
611 2511 889 2614 superarentur,
927 2516 1034 2590 unde‘
1056 2543 1116 2593 eos
1149 2519 1346 2618 praesentia

269 2639 429 2742 pericula
454 2637 570 2712 futuri
595 2635 795 2708 dominatus
816 2657 915 2708 metu
941 2659 1124 2737 permotos
1149 2632 1242 2711 s'olos
1269 2666 1347 2739 per-

269 2760 399 2834 tulisse.
448 2757 592 2857 Sensus,
609 2759 793 2850 confiteor,
819 2757 1032 2857 aptissimus,
1059 2755 1122 2830 sed
1141 2757 1345 2852 audaciore,

267 2907 377 2981 quam
403 2905 466 2980 par
494 2897 564 2966 est,
589 2877 820 2950 verboruma
846 2875 1019 2950 Rhenano
1035 2876 1346 2952 traditorum'mu·

40 3089 41 3098 ἵ
150 3015 154 3022 ’
266 3001 395 3074 tatione
420 3017 637 3099 procreatus.

349 3189 563 3260 Faciliorem
579 3188 690 3286 igitur
707 3184 989 3258 emendationem
1008 3185 1345 3288 circumspiciamus.

265 3306 386 3392 Quam
401 3308 503 3379 nobis
524 3334 589 3406 sup
594 3306 729 3406 peditat
747 3307 963 3380 vocabulum
979 3305 1070 3378 illud
1088 3297 1199 3379 metm
1232 3305 1345 3394 Quod

264 3431 352 3534 poni
377 3456 444 3529 pro
472 3455 515 3500 eo
544 3428 643 3527 qnod
669 3455 736 3522 ¹uos
762 3427 932 3500 dicimus:
965 3453 1024 3498 aus
1050 3426 1205 3518 Furcht‚
1237 3427 1345 3502 docet

263 3553 329 3646 (ut
354 3549 441 3621 alios
467 3547 647 3646 omittam)
674 3548 942 3620 Baumstarltius
967 3548 1013 3621 V.
1035 3547 1081 3619 D.
1108 3546 1155 3620 ad
1182 3546 1278 3621 Caes.
1303 3549 1345 3622 B.

262 3672 308 3745 G.
330 3671 416 3762 II,1
445 3696 522 3767 pag.
541 3671 584 3738 81
615 3665 845 3744 ed.Baumst.
862 3707 903 3722 ·-
947 3665 1018 3740 Csr.
1048 3667 1154 3739 etiam
1184 3669 1277 3744 Vell.
1297 3669 1346 3762 ll,

268 3795 459 3865 115.1.-·
487 3781 611 3878 Adde,
635 3785 735 3886 quod
748 3807 872 3860 notum
894 3808 956 3882 est,
981 3787 1094 3858 metui
1110 3789 1184 3860 fere
1207 3789 1343 3882 futura,

258 3931 463 4009 metumque
493 3939 545 3974 -s
587 3906 625 3979 id
664 3906 761 4006 quod
799 3907 931 4005 optime
969 3928 1048 4004 post
1082 3906 1343 3981 Ruhnkenium

260 4030 380 4104 doctut
404 4027 576 4103 Krausius
601 4071 652 4086 -
679 4051 753 4098 esse
786 4026 1050 4127 propemodum
1068 4030 1163 4129 ·i.·q.
1189 4009 1350 4112 bellum.-

258 4150 399 4240 Quibus
426 4148 469 4221 de
496 4149 624 4263 caussis
649 4144 845 4245 legendum
871 4147 1043 4222 coniicio:
