2968 5046
1185 499 1402 580 u„

167 689 320 786 scripta,
354 688 482 784 pagiua
521 687 630 762 altera
666 691 826 787 exposuit
864 657 1067 764 Rhenanus.
1133 688 1224 786 Qui:
1285 765 1296 780 ,

166 799 395 898 „Equidem,
417 800 542 899 iuquit,
574 801 712 875 abhinc·
729 829 851 896 anuos,
880 814 1041 902 utputo,
1070 805 1224 903 quinque

164 939 280 1015 „cum
311 901 461 1008 primum
496 913 589 988 hunc
625 914 828 1012 (codicem)
855 918 892 987 iu
919 915 1144 991 Murbacensi
1171 917 1224 990 bi·
1312 972 1318 981 .

164 1017 374 1127 „tliotheca
407 1027 630 1125 reperissem,
667 1039 702 1100 et
735 1029 887 1102 viderem
922 1040 1007 1118 tam,
1024 1029 1225 1128 prodigiose

163 1151 423 1239 „corruptum,
450 1151 489 1212 ut
516 1141 630 1213 omnia
657 1143 840 1214 restituere
867 1165 937 1214 nou
965 1143 1058 1215 foret
1083 1141 1225 1216 humani

138 1255 346 1352 ¹„ingenii‚
379 1264 610 1353 properanter
638 1279 681 1325 ac
707 1251 893 1348 infeliciter
922 1257 967 1327 ab
996 1257 1108 1328 amico
1141 1281 1224 1359 quo·

163 1369 280 1466 „dam
308 1369 515 1466 descriptum
541 1366 767 1463 premendum
792 1365 895 1463 plane
927 1367 1130 1459 censebam,
1163 1365 1224 1442 do·

161 1505 259 1578 „nec
287 1478 440 1554 melioris
473 1478 575 1551 nobis
604 1478 744 1552 codicis
761 1479 862 1552 tieret
889 1481 1005 1576 copia,
1036 1495 1139 1579 quem
1168 1506 1224 1554 ae·
1299 1481 1302 1491 ¹

163 1618 355 1690 „ceperam
389 1590 509 1665 haberi
545 1590 746 1667 Mediolani.
803 1592 937 1668 Verum
974 1592 1058 1664 dum
1079 1593 1226 1666 'frastra
1294 1637 1301 1652 κ

163 1706 264 1804 „iam
297 1718 370 1778 tres
403 1731 512 1778 annos
552 1717 804 1802 expectamus,
830 1706 984 1779 interim·
1006 1704 1225 1779 doctissimus
1300 1695 1303 1704 ’

161 1821 346 1920 „quisque
371 1844 505 1904 meeum
533 1818 746 1915 expostulat,
776 1844 839 1891 cur
866 1829 936 1891 tam
963 1817 1137 1916 insignem
1164 1845 1224 1893 au·

161 1943 308 2030 „torem
329 1932 492 2006 studiosis
519 1933 772 2021 communiente
794 1931 926 2004 mmdiu
942 1929 1110 2032 differam.
1147 1927 1224 2006 Ad·

161 2046 286 2143 „dunt
312 2046 466 2120 convicia
495 2043 655 2141 quddam,
683 2043 891 2137 dictitantes,
920 2041 1081 2117 illumin
1108 2045 1225 2118 hoc'a

159 2187 251 2258 „me
276 2161 408 2258 premi,
437 2169 476 2231 ut
496 2156 578 2228 olim
600 2157 750 2230 adenem
778 2183 865 2254 opus
890 2167 1066 2255 tamquam
1094 2157 1225 2257 ingenii
1352 2208 1356 2216 -
1388 2219 1393 2228 .

161 2274 262 2369 „mei
289 2274 461 2346 foeturam
486 2272 524 2342 iu
550 2268 728 2369 publicum
754 2271 915 2341 emittam.
951 2266 1107 2343 Proinde
1131 2295 1225 2342 nunc

159 2386 379 2482 „aedidimus
395 2383 518 2484 (sic)“
545 2394 580 2456 et
595 2409 629 2480 q.
647 2409 676 2454 s.
735 2381 860 2480 ltaque
880 2377 988 2452 verba
1014 2380 1075 2452 iila
1102 2384 1223 2474 „eodi-

101 2537 103 2544 ’
140 2529 236 2586 κσοιιι
249 2536 298 2554 -·-
326 2502 534 2596 descriptam
561 2499 786 2597 premendam
816 2494 1022 2568 canebam“
1052 2495 1090 2564 in
1119 2519 1225 2567 causa
1308 2487 1314 2494 ’

160 2613 257 2688 haud
285 2612 390 2687 dubie
411 2613 572 2702 fuerunt,
601 2620 642 2681 ut
671 2607 866 2706 exemplum
895 2605 994 2696 illud,
1022 2605 1058 2677 in
1086 2619 1224 2705 tempus

158 2740 297 2802 tantum
324 2752 501 2824 pressum,
527 2732 648 2818 postea
675 2721 875 2820 typothetae
900 2719 1065 2794 nuditum
1096 2729 1224 2794 statue·

158 2843 234 2914 rint
248 2841 330 2915 VV.
355 2839 439 2910 DI).
496 2833 571 2912 Sed
583 2825 789 2906 Rhenanus
804 2857 912 2931 quum
943 2832 1035 2905 dieat
1062 2857 1139 2905 sese
1167 2857 1224 2906 co·

159 2953 277 3027 dicem
298 2953 508 3048 descriptum
521 2946 703 3045 pressisse,
728 2945 782 3019 his
796 2945 912 3018 verbis
937 2970 1007 3015 non
1028 2946 1224 3040 profitetur,

159 3094 241 3142 sese
255 3077 380 3164 ‘postea
401 3058 642 3162 apographum
661 3058 749 3131 illud
763 3060 857 3158 typis
873 3057 1065 3130 excedisse·
1110 3055 1225 3130 Nobis·

159 3179 257 3254 enim
285 3189 320 3252 et
345 3175 454 3250 verba
479 3175 540 3246 iila
562 3171 664 3244 aliter
692 3169 909 3268 explicanda,
936 3180 972 3241 et
993 3163 1100 3241 multa
1126 3157 1225 3265 prae·

157 3305 257 3368 terea
295 3299 498 3389 argumenta
531 3288 573 3387 ⁴in
606 3275 771 3381 promptu
809 3287 885 3355 esse
918 3279 1097 3374 videntur,
1136 3307 1226 3380 quae
1413 3375 1419 3388 ἢ

157 3405 340 3503 exemplar
365 3401 472 3493 iilud,
502 3396 597 3498 quod
609 3396 804 3494 Rhenanus
817 3404 1047 3492 properanter
1074 3422 1115 3468 ac
1136 3395 1223 3480 inie-
1325 3476 1327 3480 ¹

157 3520 285 3592 liciter·
303 3515 348 3589 ab
383 3517 493 3587 amico
523 3508 672 3609 quodam
702 3509 916 3606 descriptum
942 3507 1050 3599 dicit,
1084 3509 1226 3581 loannis

157 3630 330 3706 Frobenii
354 3631 470 3727 operis
492 3623 658 3698 oadimm
683 3647 754 3695 uon
774 3647 858 3724 esse
888 3631 1166 3692 commonstrent

252 3815 414 3909 Quorum
447 3811 598 3908 primum
632 3814 707 3896 est,
743 3803 839 3903 quod
875 3806 1028 3902 opinioni
1061 3801 1114 3908 illi
1152 3803 1228 3896 ipsa

158 3926 326 4000 Rhenani
345 3923 453 3997 verba
474 3945 619 4020 prorsus
643 3917 882 3990 adversantur.
928 3916 971 3990 si
995 3918 1087 3989 euim
1112 3937 1225 3986 exem·

159 4040 242 4140 plar
266 4038 355 4112 iliud
372 4041 410 4108 in
435 4036 613 4108 officinam
636 4031 806 4123 misisset,
836 4027 1011 4127 quomodo
1038 4027 1124 4098 haec
1151 4034 1226 4122 pot·
1288 4091 1289 4096 ,

159 4163 240 4230 erat
276 4151 462 4249 conqueri:
503 4196 529 4241 „
538 4145 748 4240 (iuravimus
776 4153 890 4215 autem
921 4165 985 4212 nos
1014 4139 1122 4212 multa
1151 4136 1235 4209 vui·

157 4290 273 4363 „nera
300 4263 475 4363 perfecte,
506 4257 674 4334 nonnulla
702 4259 774 4349 sic,
803 4267 844 4330 ut
866 4255 1011 4356 cicatrix
1037 4255 1247 4332 etiamnum,
