2958 5038
444 683 533 756 sive:
548 723 553 746 ι
568 686 787 756 socordia
810 677 988 751 trahebat
1015 676 1173 747 aestiva.

372 783 375 788 ⁵
445 802 535 875 sive:
570 816 756 893 torpore
890 852 920 904 „¹
1085 848 1108 888 ‚‚

145 1026 149 1036 s
204 974 208 979 ·
283 933 653 1020 CeteruinRhenanus
671 936 769 1011 haud
784 938 859 1011 scio
881 963 926 1009 an
953 909 1028 1009 iion
1050 936 1160 1009 verba
1183 930 1359 1032 „agendo-

132 1039 135 1054 .
285 1091 356 1166 que
387 1088 455 1162 pro
478 1061 647 1135 tribunali
684 1059 834 1134 ordine“
853 1057 985 1131 'incisis
1015 1053 1204 1128 includens
1233 1077 1359 1126 vocem

286 1184 469 1269 tribunali
493 1209 556 1281 per
580 1207 738 1256 errorem
770 1205 838 1278 pro
863 1203 952 1253 vero
973 1174 1147 1250 adieetivo
1175 1172 1222 1245 ad
1245 1199 1279 1246 v.
1307 1197 1362 1244 or·

286 1304 374 1375 dine
402 1301 552 1374 traxerit.
591 1349 593 1360 ·
1154 1281 1164 1304 ⁸

512 1734 765 1829 carun
795 1669 1141 1825 nxxxvu.
1228 1759 1239 1776 =
1297 1829 1301 1836 ,

591 1918 658 1973 vett.
669 1918 706 1987 11,
726 1913 786 1969 118.
798 1915 821 1972 a
847 1911 938 1988 p.135
952 1914 1085 1970 stontt.
1147 1943 1150 1948 ·

307 2047 313 2068 ⁸
367 2069 506 2144 „Primo
533 2072 630 2151 iqitra·
658 2060 776 2151 pauens
798 2089 874 2131 ntooe
893 2068 996 2150 plutis
1021 2067 1054 2128 t'a
1082 2067 1236 2128 societate
1263 2059 1370 2125 conatu·

284 2176 469 2256 precepit.“
509 2181 560 2236 ut.
583 2196 624 2249 pr.
648 2197 675 2249 p.
691 2179 738 2236 63.

288 2441 437 2549 Parum
477 2496 640 2549 accurate
671 2476 883 2575 interpretes
912 2500 955 2547 ex
992 2496 1053 2568 ea,
1095 2498 1187 2574 quae
1223 2472 1268 2544 ab
1304 2467 1370 2543 edi-

290 2598 388 2669 tione
421 2597 585 2694 principe
610 2597 801 2696 praebetur
832 2595 1010 2695 scriptura
1045 2597 1177 2667 consili
1193 2592 1371 2689 precepit

289 2718 495 2789 formarunt
523 2717 654 2786 consili
677 2718 830 2811 recepit,
858 2741 981 2811 quum,
1007 2741 1052 2788 ne
1080 2711 1167 2811 quid
1193 2711 1372 2810 depereat,

184 2873 192 2890 ι
292 2830 523 2922 scribendum
546 2832 723 2906 videatur:
762 2837 1004 2907 consiliorum
1029 2835 1181 2934 recepit.
1216 2830 1374 2907 ‘Notum

295 2974 349 3028 est
380 2952 494 3046 enim,
527 2955 699 3056 syllabam
729 2981 836 3046 <rrum
869 2953 906 3026 in
939 2956 1013 3026 fine
1041 2954 1237 3028 verborum
1271 2952 1373 3050 siguo

294 3102 369 3148 non
393 3073 544 3154 absimili
559 3075 676 3146 iorma
698 3073 820 3147 literae
829 3101 862 3170 p
886 3072 1097 3172 consignari
1142 3072 1376 3174 Quamquam

294 3212 380 3268 non'
412 3192 637 3293 negandum,
686 3194 987 3293 praepositionem
1027 3220 1130 3291 prae
1176 3193 1249 3266 fere
1305 3191 1377 3266 sola

293 3316 394 3386 litera
411 3340 443 3410 p
470 3315 622 3413 exprimi
646 3315 775 3406 solere,
799 3335 837 3387 ut
854 3341 887 3411 p
915 3343 998 3387 cum
1019 3314 1094 3386 sola
1118 3313 1220 3386 litera
1241 3341 1265 3384 r
1291 3338 1378 3386 con·

177 3443 180 3450 ’
297 3435 432 3505 fusum
453 3433 567 3532 putari
596 3433 713 3531 possit
781 3433 824 3505 In
857 3433 1084 3531 sequentibus
1111 3453 1232 3506 autem
1271 3457 1378 3531 saepe

297 3553 444 3627 obvium
473 3571 525 3625 est
557 3557 736 3644 consilia-,-
773 3553 870 3626 unde
909 3553 981 3628 hoc
1018 3568 1161 3654 quoque
1193 3553 1280 3628 loco
1313 3581 1380 3628 nu·

296 3699 415 3747 merus
442 3674 593 3774 pluralis
619 3669 807 3772 usurpatus
829 3674 906 3750 erit.
