2968 5046
1067 451 1206 531 '17

75 603 81 624 ι
122 645 323 732 Rhenanus
341 627 441 725 dedit
460 649 796 746 interpunctionem,
820 675 927 747 quam
946 644 1083 739 dicuni,
1103 671 1205 751 Prae?
1320 641 1325 660 ‚
1367 609 1371 624 ι

123 765 235 842 beat?
294 765 367 843 Sed
394 787 512 842 tamen
541 768 689 852 minime
721 788 869 867 propter
894 767 1126 853 adamnano
1151 768 1206 841 itt-¹

68 975 70 982 Α
122 887 431 984 terpunctionem,
457 907 581 986 utpote
608 913 650 960 ex
671 887 749 986 ipso
773 886 899 963 codice
924 908 1056 974 ortam,
1074 899 1206 972 ⁴'anno-

123 1008 277 1080 tationes
303 1006 397 1100 illae,
424 1034 511 1106 quas
537 1033 614 1106 pro
633 1006 851 1105 argumentip
875 994 994 1108 posuit
1018 1007 1206 1100 Krausius,
1262 1078 1265 1096 ,
1369 1027 1373 1034 ’

122 1127 279 1226 scriptae
308 1147 398 1202 sunt.
450 1124 581 1212 Quod
616 1126 700 1226 ipsis
737 1125 879 1208 Burerii
914 1127 1031 1205 verbis
1059 1126 1209 1205 demone

123 1267 296 1320 stremus:
1101 1308 1106 1338 ,
1140 1305 1146 1332 2

230 1397 325 1493 „Ad
350 1426 427 1497 pag.
444 1401 491 1479 60
521 1424 593 1472 ver.
618 1401 650 1472 5:
686 1413 870 1494 quantum
902 1403 942 1471 in
965 1401 1062 1470 hoec
1086 1403 1207 1486 videa,

127 1519 409 1615 Principes&c.
460 1518 522 1590 En
548 1539 617 1592 vet,
642 1518 693 1592 sic
717 1517 843 1612 habet,
867 1517 906 1618 A&
931 1538 1027 1591 recte
1048 1517 1208 1619 quidem,

124 1661 170 1712 ut
194 1631 451 1712 mihi'videtur.
500 1633 651 1738 Accipe'
666 1667 766 1712 nurio
788 1637 839 1711 Μ.
865 1639 988 1713 Vinici
1010 1623 1151 1725 tantuin¹
1169 1640 1209 1712 in

124 1757 224 1832 bello
260 1758 414 1850 ducem,
450 1760 626 1860 quantum
658 1749 712 1830 in⁴
731 1783 820 1858 pace
852 1743 952 1834 vides
980 1759 1207 1858 prinoipem.

124 1861 265 1952 Iunctis
291 1878 503 1952 exercitibus
526 1877 620 1953 &c.“
1128 1880 1131 1888 ’
1190 1885 1194 1894 ’

229 2030 354 2104 Paullo
381 2034 582 2106 accuratius
604 2034 790 2134 utriusque
816 2055 851 2108 et
881 2033 943 2110 Ed.
973 2035 1147 2135 principis
1175 2043 1217 2110 et'

125 2151 346 2228 Burerianae
372 2155 614 2226 annotationis
641 2155 833 2228 lectionem
864 2156 1016 2230 intuenti
1042 2177 1212 2254 patescet,

125 2271 322 2344 Burerium
347 2293 382 2344 et
405 2272 488 2367 hoc,
516 2298 625 2373 quem
646 2274 867 2373 transcripsi,
896 2296 932 2350 et
951 2274 1074 2368 altero,
1103 2303 1212 2376 quem

126 2391 303 2468 Krausius
335 2414 610 2486 commemorat,
650 2394 735 2467 loco‘
767 2393 930 2477 lectionis
962 2393 1212 2480 tantummodo

126 2513 335 2589 varietatem
370 2511 415 2584 de
444 2539 544 2586 more
578 2540 642 2587 suo
685 2534 888 2606 annotasse,
933 2514 1214 2616 interpunctioni

128 2655 219 2710 vero
244 2633 373 2725 tacite,
407 2631 634 2734 eodem·quo
659 2633 853 2718 Rhenanus
878 2635 958 2708 iure
983 2662 1109 2730 usum,
1138 2665 1213 2711 rna·

128 2780 221 2825 num
257 2751 536 2826 emendatricem
568 2751 777 2827 admovisse.
797 2799 861 2858 ¹—-
909 2754 971 2826 Ad
995 2784 1075 2854 pag.
1099 2759 1146 2852 60
1174 2757 1215 2830 id

128 2871 308 2972 imprimis
334 2873 475 2969 agebat,
502 2893 541 2943 ut
565 2871 788 2966 ostenderet,
817 2901 890 2947 non
912 2877 1125 2972 principes,
1150 2875 1239 2948 sed.

119 2993 364 3090 principem,
390 2990 436 3062 ad
462 3017 539 3090 pag.
557 2997 601 3084 47
629 2993 696 3062 v.6
725 2991 841 3094 (ΙΙ-,ἑὸ
861 2997 966 3082 extr.)
991 2991 1046 3085 id,
1074 3014 1115 3064 ut
1137 3020 1224 3070 mo-.

131 3133 254 3205 neret,
283 3139 356 3184 nou
393 3115 528 3206 „intra
548 3116 716 3184 aedem“
740 3110 804 3202 sed
830 3165 856 3199 ,‚
866 3115 1014 3184 interea
1041 3115 1216 3186 deinde“

129 3235 176 3306 ab
203 3233 281 3332 ipso
309 3231 434 3306 codice
449 3211 691 3332 suppeditari.
1045 3219 1049 3228 ⁴

235 3407 379 3496 Quodsi*
414 3406 543 3479 talibus
585 3406 801 3505 argumentis
840 3380 1072 3506 ‘integerrimi
1116 3407 1219 3481 Beati

129 3529 299 3604 Rhenani
324 3527 434 3601 fidem
455 3528 667 3626 impugnare
689 3528 838 3621 liceret,
857 3527 1006 3623 eodem,
1035 3554 1081 3600 ne
1099 3527 1217 3601 dicam

129 3651 280 3741 maiore,
296 3649 375 3721 iure
393 3672 670 3746 provocaremus
684 3647 731 3720 ad
743 3675 795 3742 ea,
824 3676 916 3749 quae
932 3648 978 3722 ad
995 3676 1074 3749 pag.
1084 3653 1130 3742 47
1148 3653 1215 3723 v·5
1293 3669 1295 3678 ’

134 3769 262 3844 docuit
276 3769 460 3841 Burerius.
517 3766 591 3841 Sed
613 3767 686 3841 hoc
702 3796 847 3870 quoque
869 3772 952 3845 loco
978 3770 1162 3842 absentem
1177 3769 1216 3840 in

28 3971 30 3978 ,
131 3890 213 3965 cod
232 3890 352 3964 Murb.
369 3889 535 3988 copulam
551 3890 633 3963 voci
650 3916 766 3986 agros
782 3891 1049 3994 adhaerentem,
1065 3889 1217 3962 minime
1252 3945 1255 3952 ⁴

133 4013 334 4086 variantem
387 4011 721 4110 interpunctionem
766 4032 927 4084 notatam
976 4036 1049 4082 esse
1099 4007 1218 4081 nullus

134 4131 275 4208 dubito.
319 4130 387 4204 ‘Et
411 4129 504 4203 nihil
529 4150 600 4225 est,
628 4130 730 4231 quod
755 4129 1004 4207 animadvertit
1028 4129 1220 4204 Kramius:

135 4279 189 4348 „a
208 4250 302 4324 inter
320 4269 423 4324 notas
439 4275 685 4345 numerorum,
717 4279 744 4324 s.
753 4271 833 4350 post
851 4250 1071 4326 abbreviatas
1087 4253 1220 4326 vocea“
1315 4319 1317 4330 .

927 4360 948 4422 2
