2958 5038
208 469 343 542 v'1¹6

293 656 383 728 iram
415 654 690 754 violentiamque
718 653 791 726 eius
820 677 1038 727 excessuram
1066 651 1201 728 fuisse?
1250 655 1358 755 Atqui

227 851 238 872 ι
294 793 454 874 apparet,
479 773 566 871 quid
588 773 631 846 sit
653 773 692 846 in
713 773 785 848 hoc
807 773 990 868 locutione
1011 774 1163 882 ver-hum
1180 775 1356 849 excedere.

377 917 496 1012 Atque
525 913 687 986 Goettius
716 912 761 986 V.
789 915 835 988 D.
869 913 919 987 sic
942 914 1064 987 vertiti
1107 917 1248 1007 „Docli
1263 905 1359 1010 ¹ging

295 1039 363 1107 der
381 1062 421 1106 so
444 1039 501 1129 ojt
510 1039 677 1130 gereizte
693 1037 794 1104 Zorn
812 1039 878 1105 des
893 1036 1058 1105 Fiirsten
1076 1037 1180 1105 nicht
1197 1039 1358 1107 weiter.“

292 1135 483 1250 Enimvero
513 1181 601 1252 quae
635 1154 741 1252 vulgo
766 1153 935 1251 leguntur
964 1153 1150 1225 vernacule
1188 1155 1217 1226 si
1246 1153 1358 1259 reddi

293 1299 393 1365 mus,
416 1271 631 1346 lraec'suut:
665 1272 739 1344 Der
761 1272 858 1344 Zorn
887 1272 972 1370 ging
993 1299 1040 1344 so
1064 1277 1172 1358 weit,
1204 1272 1281 1346 dass
1296 1293 1356 1348 etc.

293 1419 382 1492 quae
399 1414 516 1465 tamen
536 1394 706 1494 quoniam
726 1394 844 1492 inepta
867 1414 950 1464 sunt
967 1391 1220 1487 emendemus,
1240 1393 1273 1465 'si
1295 1422 1358 1497 qua

191 1555 208 1592 s·
291 1512 371 1584 fieri
408 1533 544 1611 potest,
587 1513 883 1609 corrigamusque.
953 1511 1076 1612 Itaque
1120 1511 1216 1584 haec*
1248 1513 1357 1586 habeo

293 1657 382 1736 quac
409 1635 565 1706 offeram.
619 1631 763 1731 Syllaba
791 1659 836 1702 ex
860 1633 895 1704 in
921 1659 963 1703 re
991 1651 1122 1734 mutata
1151 1634 1355 1730 scribamus:

322 1807 325 1812 ·
392 1773 472 1864 „In
497 1773 568 1843 hoc
602 1787 729 1850 tamen
753 1799 867 1868 saepe
898 1776 1064 1844 lacessiti
1087 1777 1280 1869 principie
1310 1773 1357 1846 ira

393 1894 576 1976 recessit,
614 1905 656 1960 ut
684 1895 854 1963 censoria
877 1895 1011 1988 potius
1044 1875 1237 1965 contenius
1273 1909 1357 1966 nota

393 2035 507 2106 quam
529 2011 858 2080 animadversione
888 2013 1092 2082 dictatoria
1114 2027 1357 2102 summoveret

392 2132 627 2222 mawfl
1239 2131 1242 2140 ’

292 2269 423 2340 Sensus
453 2287 536 2339 esta
559 2269 724 2338 Attamen
758 2268 800 2337 ab
829 2249 903 2366 ipsa
931 2265 1005 2339 irae
1034 2271 1222 2368 eruptione
1251 2299 1357 2374 usque

216 2405 223 2420 ’
292 2389 338 2461 ad
364 2387 707 2460 animadversionem
724 2414 802 2485 'qua
831 2387 883 2470 illi
905 2389 1134 2482 satisfaceret,
1159 2394 1196 2466 in
1222 2415 1357 2468 tantum

292 2507 514 2582 defervuerat
535 2508 636 2578 furor
658 2506 750 2599 eius,
770 2526 815 2600 'ut
839 2509 996 2580 censoria
1024 2529 1211 2586 contentus
1238 2536 1321 2588 nota
1340 2543 1357 2587 a

295 2652 369 2725 rep.
398 2647 535 2729 tantum
561 2644 756 2698 removeret
778 2651 868 2725 quos
893 2625 1082 2702 dictatorio
1104 2630 1257 2732 imperio
1282 2661 1357 2708 usus

292 2745 415 2846 capitis
442 2731 608 2817 damnare
630 2745 808 2844 potuisset.

390 2886 512 2973 Quare
533 2903 573 2956 ut
599 2909 707 2982 supra
735 2911 809 2982 cap.
834 2884 949 2983 primo
977 2889 1149 2987 syllabam
1170 2919 1213 2962 re
1240 2892 1277 2964 in
1307 2921 1356 2985 ex,

289 3005 325 3079 h.
347 3006 372 3080 l.
396 3005 568 3106 syllabam
593 3031 638 3076 ex
659 3003 764 3082 imre
788 3005 1038 3113 corrigendam
1062 3031 1237 3108 putamus
1333 3021 1337 3028 '

390 3144 558 3217 Ceterum
590 3173 698 3244 quam
721 3143 834 3220 modo
862 3147 899 3218 iu
933 3147 1092 3222 medium
1120 3151 1253 3250 protuli
1278 3179 1357 3227 con·

289 3267 461 3338 iecturam
480 3263 579 3336 haud'
599 3265 671 3337 scio
697 3291 743 3336 an
770 3291 843 3337 non
861 3265 1018 3340 Orellius
1040 3269 1114 3370 ipse
1138 3297 1207 3371 pru
1226 3297 1268 3346 ea
1292 3299 1357 3372 qua

290 3403 342 3457 est
365 3381 584 3455 humanitate¹
604 3385 824 3480 praelaturus
849 3386 893 3457 sit
915 3413 1020 3481 suae:
1053 3393 1235 3466 discessit.
1292 3391 1356 3464 Cui

206 3503 208 3518 ⁴
289 3502 395 3576 nimis
421 3503 534 3599 multa
555 3503 754 3599 supplenda
780 3524 872 3575 suut.

392 3644 439 3712 In
465 3641 535 3712 hoc
567 3655 684 3713 autem
716 3663 840 3739 quarto
878 3671 951 3717 non
984 3667 1082 3721 sexto
1114 3675 1196 3722 casu
1226 3649 1358 3725 dictum

288 3786 380 3853 esse,
412 3759 598 3858 confirmat
628 3760 725 3855 quod
749 3761 797 3856 ΙΙ,
817 3767 878 3838 80.
896 3790 930 3837 a.
949 3765 1098 3866 legitur3
1133 3772 1212 3864 „Iu
1238 3775 1284 3843 id
1308 3771 1361 3842 fu·

263 3881 379 3954 ‘roris
403 3881 654 3978 processerat.“
