2968 5046
1144 491 1190 563 61

113 677 188 752 hac
208 678 247 750 in
272 701 309 768 re
333 703 409 768 non
426 677 585 777 amplius
607 678 803 776 cogitarim.
859 677 1199 788 circumspiciamus·

113 798 226 898 igitur
247 798 328 890 alia.
483 791 486 798 ’

220 961 368 1034 Constat
398 960 492 1033 inter
527 939 670 1052 omnes,
706 955 758 1034 Μ.
781 959 970 1034 Valerium
1005 958 1196 1034 Messalam
1295 1015 1299 1021 -

117 1083 319 1158 Corvinum
350 1082 483 1154 librum
519 1081 710 1160 confecisse
747 1079 791 1153 de
825 1081 998 1182 Progenie
1031 1083 1193 1183 Augusti.
1242 1161 1243 1166 ἵ
1347 1113 1352 1118 ·
1417 1075 1421 1088 ’

116 1201 248 1320 Neque
277 1225 395 1276 tameo
423 1201 574 1301 amplius
608 1219 714 1273 exstat
739 1201 828 1274 liber
854 1202 937 1295 ille,
973 1203 1105 1275 etenim
1133 1204 1221 1303 qui-

92 1297 230 1423 ‘vulgo
265 1349 307 1397 eo
333 1323 478 1396 nomine
504 1307 633 1413 fertur,
667 1321 810 1417 spurius
839 1341 890 1392 est
924 1342 959 1394 et
985 1321 1196 1424 suppositus

115 1445 243 1542 Itaque
267 1445 414 1516 fortasse
437 1468 580 1514 mecum
605 1440 801 1538 legendum
825 1440 1008 1515 coniicies:

116 1571 118 1587 ¹
228 1588 410 1672 „etiamsi
423 1587 630 1681 praevenit
658 1568 823 1677 alites,“

119 1724 223 1810 Quae
248 1725 319 1798 hoc
344 1752 450 1799 sensu
475 1725 570 1800 dicta
593 1748 775 1827 putamus:

228 1869 330 1954 „De
360 1855 506 1962 origine
537 1868 704 1964 Augusti
729 1873 882 1942 tametsi
898 1855 1075 1964 sortasse
1107 1883 1199 1942 acta

118 1983 147 2038 Γ
230 1991 519 2080 admisimus,
560 1973 674 2084 qriztm
702 2015 771 2062 nos
794 1992 871 2061 aaa
894 1993 933 2059 in
965 2016 1008 2060 re
1031 2014 1198 2085 praeve-

229 2111 329 2178 nerit
364 2110 536 2180 Messala
574 2111 760 2180 Corvinus
800 2112 849 2202 (s.
867 2108 967 2180 -alius
999 2109 1203 2206 quispiam)

226 2231 362 2324 paucis
384 2235 514 2300 tamari
521 2241 806 2326 ‘exponemusss

47 2443 54 2466 .
81 2407 87 2412 ·
117 2369 225 2456 Quae
252 2349 495 2469 quitmliteris
519 2369 762 2463 mandassem,
782 2371 854 2442 iam
885 2366 1119 2468 propedolui
1140 2393 1197 2440 me

117 2516 195 2561 non
215 2477 347 2590 ¹lirirno
380 2492 499 2590 potius
533 2492 615 2565 loco
649 2491 806 2592 posuisse
843 2491 988 2594 alteram
1023 2505 1128 2584 quam
1162 2509 1198 2560 et
1241 2509 1243 2514 ‘

28 2691 31 2700 ‚
118 2609 238 2710 ipsam
263 2611 344 2708 cepi
370 2610 618 2706 coniecturam.
671 2612 813 2685 Etenim
835 2609 934 2686 haud
955 2609 1029 2714 scio
1055 2636 1100 2681 an
1126 2591 1199 2682 non

117 2728 235 2828 magis
258 2731 364 2802 etiam
389 2732 575 2805 Velleiana
598 2729 669 2804 sint
692 2731 798 2805 haec:
1224 2727 1226 2736 '

234 2926 271 2965 ,‚
268 2873 386 2943 Cuius
408 2877 455 2944 de
471 2855 632 2969 originej
651 2874 801 2944 etiamsi
812 2881 1071 2961 praetendit
1085 2880 1197 2957 ipsc,
1300 2932 1304 2935 .

225 3017 359 3088 pauca
387 2979 549 3102 dicenda
574 2993 695 3064 sunt.“
780 2999 785 3026 ¹
855 2999 858 3006 '

120 3131 276 3240 Quae
249 3159 279 3202 st
303 3157 425 3205 revera
438 3131 570 3205 Vellen
584 3148 676 3224 sunt,
705 3129 868 3202 nituntur
885 3089 950 3201 his
957 3125 1117 3199 Suetonu
1127 3128 1198 3212 ²4)
1293 3183 1296 3192 .

71 3331 78 3344 „
119 3255 241 3364 „Ipse
274 3252 471 3346 Augustus
504 3255 604 3325 nihil
624 3255 788 3348 amplius
821 3275 928 3360 quam
963 3233 1118 3360 equestri
1148 3246 1198 3316 fa-

120 3355 254 3468 „milia
291 3391 410 3443 ortum
441 3397 477 3442 se
512 3371 642 3442 scribit
668 3389 786 3476 vetore
818 3398 859 3441 ac
891 3369 1068 3469 locuplete
1097 3385 1131 3441 et
1162 3366 1200 3439 in

119 3520 227 3592 „qua
246 3493 386 3592 primus
412 3512 567 3564 senator
581 3514 682 3590 pater
710 3519 793 3564 snus
816 3489 931 3564 fuerit.
933 3494 955 3532 “
1017 3469 1199 3586 Augustus

120 3613 223 3686 enim
253 3610 351 3685 haud
384 3610 487 3684 dubie
526 3597 629 3704 certis
661 3611 705 3684 de
739 3611 852 3684 causis
884 3627 1028 3711 propter
1059 3607 1219 3718 generisx
1245 3603 1252 3627 ⁸

121 3761 197 3834 qua
228 3732 317 3806 ess'et
350 3733 619 3826 obscuritatem,
651 3751 723 3805 tam
753 3731 938 3832 paneade
968 3727 1104 3838 origine
1136 3745 1204 3798 sua*
1241 3799 1246 3806 ,

119 3855 247 3928 iecisse
275 3852 454 3954 putandus
482 3873 566 3944 erat.
635 3851 759 3952 Itaque
793 3849 930 3925 offendi
960 3851 1107 3928 fortasse
1132 3873 1197 3944 po·

119 3975 192 4048 tuit
226 3973 408 4060 Tiberius,
451 4001 563 4070 quum
598 3971 697 4072 quod
736 3953 836 4071 pater
878 3971 952 4043 eius
980 3965 1199 4040 abscondere
1299 3989 1308 4002 ·

118 4083 311 4202 voluisset,
351 4095 387 4166 in
414 4094 542 4190 ¹lucem
570 4091 874 4192 protraherentur.
940 4085 1068 4184 Neque
1103 4084 1227 4158 enirn·

131 4343 134 4362 .
165 4299 218 4382 ²4)
237 4305 306 4360 vide
326 4297 404 4362 Jaai
419 4296 581 4380 Rutqerrit‘
597 4302 726 4358 tentus·
749 4296 841 4356 varios
860 4269 1031 4354 adnutu.
